<?xml version="1.0" encoding="UTF-8"?>
<!DOCTYPE html PUBLIC "-//W3C//DTD XHTML 1.0 Transitional//EN"
    "http://www.w3.org/TR/xhtml1/DTD/xhtml1-transitional.dtd">
<html xmlns="http://www.w3.org/1999/xhtml" xml:lang="en" lang="en">
 <head>
  <title>
</title>
<meta http-equiv="Content-Type" content="text/html;charset=utf-8" />
  <meta name='ocr-system' content='tesseract 3.04.00' />
  <meta name='ocr-capabilities' content='ocr_page ocr_carea ocr_par ocr_line ocrx_word'/>
</head>
<body>
  <div class='ocr_page' id='page_1' title='image "./clementisxivpon00clemgoog_0408.png"; bbox 0 0 3188 5414; ppageno 0'>
   <div class='ocr_carea' id='block_1_1' title="bbox 624 523 1430 586">
    <p class='ocr_par' dir='ltr' id='par_1_1' title="bbox 624 523 1430 586">
     <span class='ocr_line' id='line_1_1' title="bbox 624 523 1430 586; baseline 0.01 -10"><span class='ocrx_word' id='word_1_1' title='bbox 624 523 847 579; x_wconf 78' lang='lat' dir='ltr'><strong>DOCUMENTA</strong></span> <span class='ocrx_word' id='word_1_2' title='bbox 866 527 990 582; x_wconf 78' lang='lat' dir='ltr'>VAlllA.</span> <span class='ocrx_word' id='word_1_3' title='bbox 1326 535 1376 586; x_wconf 70' lang='lat' dir='ltr'>aas</span> <span class='ocrx_word' id='word_1_4' title='bbox 1428 528 1430 530; x_wconf 60' lang='grc'>’</span> 
     </span>
    </p>
   </div>
   <div class='ocr_carea' id='block_1_2' title="bbox 194 625 1450 2455">
    <p class='ocr_par' dir='ltr' id='par_1_2' title="bbox 211 625 1437 1577">
     <span class='ocr_line' id='line_1_2' title="bbox 236 625 1437 714; baseline 0.009 -29"><span class='ocrx_word' id='word_1_5' title='bbox 236 625 368 701; x_wconf 83' lang='lat' dir='ltr'>teudosi,</span> <span class='ocrx_word' id='word_1_6' title='bbox 393 625 447 685; x_wconf 86' lang='lat' dir='ltr'>cho</span> <span class='ocrx_word' id='word_1_7' title='bbox 471 627 494 685; x_wconf 92' lang='lat' dir='ltr'>si</span> <span class='ocrx_word' id='word_1_8' title='bbox 515 626 653 705; x_wconf 82' lang='lat' dir='ltr'>spiegava</span> <span class='ocrx_word' id='word_1_9' title='bbox 673 645 758 690; x_wconf 91' lang='lat' dir='ltr'>meco</span> <span class='ocrx_word' id='word_1_10' title='bbox 785 629 814 689; x_wconf 90' lang='lat' dir='ltr'>in</span> <span class='ocrx_word' id='word_1_11' title='bbox 839 630 880 690; x_wconf 89' lang='lat' dir='ltr'>tal</span> <span class='ocrx_word' id='word_1_12' title='bbox 900 630 996 709; x_wconf 83' lang='lat' dir='ltr'>gulsa,</span> <span class='ocrx_word' id='word_1_13' title='bbox 1020 649 1080 692; x_wconf 87' lang='lat' dir='ltr'>non</span> <span class='ocrx_word' id='word_1_14' title='bbox 1105 651 1158 711; x_wconf 89' lang='lat' dir='ltr'>per</span> <span class='ocrx_word' id='word_1_15' title='bbox 1181 634 1287 695; x_wconf 87' lang='lat' dir='ltr'>alcuna</span> <span class='ocrx_word' id='word_1_16' title='bbox 1306 653 1377 714; x_wconf 85' lang='lat' dir='ltr'>pre·</span> <span class='ocrx_word' id='word_1_17' title='bbox 1435 664 1437 669; x_wconf 95' lang='lat'>·</span> 
     </span>
     <span class='ocr_line' id='line_1_3' title="bbox 234 721 1375 810; baseline 0.009 -29"><span class='ocrx_word' id='word_1_18' title='bbox 234 722 373 783; x_wconf 84' lang='lat' dir='ltr'>venzione</span> <span class='ocrx_word' id='word_1_19' title='bbox 388 722 418 782; x_wconf 90' lang='lat' dir='ltr'>in</span> <span class='ocrx_word' id='word_1_20' title='bbox 430 721 531 801; x_wconf 68' lang='lat' dir='ltr'>sapore</span> <span class='ocrx_word' id='word_1_21' title='bbox 544 723 622 803; x_wconf 78' lang='lat' dir='ltr'>degli</span> <span class='ocrx_word' id='word_1_22' title='bbox 638 726 831 804; x_wconf 89' lang='lat' dir='ltr'>Ex-Gesuiti,</span> <span class='ocrx_word' id='word_1_23' title='bbox 847 744 897 787; x_wconf 87' lang='lat' dir='ltr'>ma</span> <span class='ocrx_word' id='word_1_24' title='bbox 908 726 1018 807; x_wconf 83' lang='lat' dir='ltr'>perche</span> <span class='ocrx_word' id='word_1_25' title='bbox 1030 728 1181 807; x_wconf 85' lang='lat' dir='ltr'>parevagli</span> <span class='ocrx_word' id='word_1_26' title='bbox 1195 747 1249 810; x_wconf 87' lang='lat' dir='ltr'>per</span> <span class='ocrx_word' id='word_1_27' title='bbox 1263 737 1375 810; x_wconf 89' lang='lat' dir='ltr'>quanto</span> 
     </span>
     <span class='ocr_line' id='line_1_4' title="bbox 234 814 1375 904; baseline 0.009 -27"><span class='ocrx_word' id='word_1_28' title='bbox 234 824 343 897; x_wconf 87' lang='lat' dir='ltr'>poteva</span> <span class='ocrx_word' id='word_1_29' title='bbox 353 836 512 880; x_wconf 81' lang='lat' dir='ltr'><strong>conoscere</strong></span> <span class='ocrx_word' id='word_1_30' title='bbox 532 820 560 879; x_wconf 90' lang='lat' dir='ltr'>le</span> <span class='ocrx_word' id='word_1_31' title='bbox 576 819 736 882; x_wconf 76' lang='lat' dir='ltr'>intensioni</span> <span class='ocrx_word' id='word_1_32' title='bbox 748 821 817 883; x_wconf 82' lang='lat' dir='ltr'>dell’</span> <span class='ocrx_word' id='word_1_33' title='bbox 829 814 1021 902; x_wconf 88' lang='lat' dir='ltr'>imperatrice</span> <span class='ocrx_word' id='word_1_34' title='bbox 1034 823 1065 884; x_wconf 95' lang='lat' dir='ltr'>di</span> <span class='ocrx_word' id='word_1_35' title='bbox 1080 842 1243 904; x_wconf 88' lang='lat' dir='ltr'>cooperare</span> <span class='ocrx_word' id='word_1_36' title='bbox 1256 844 1314 887; x_wconf 89' lang='lat' dir='ltr'>con</span> <span class='ocrx_word' id='word_1_37' title='bbox 1327 827 1375 887; x_wconf 86' lang='lat' dir='ltr'>eid</span> 
     </span>
     <span class='ocr_line' id='line_1_5' title="bbox 232 914 1376 1003; baseline 0.009 -29"><span class='ocrx_word' id='word_1_38' title='bbox 232 915 261 974; x_wconf 90' lang='lat' dir='ltr'>al</span> <span class='ocrx_word' id='word_1_39' title='bbox 272 914 363 990; x_wconf 90' lang='lat' dir='ltr'>beno,</span> <span class='ocrx_word' id='word_1_40' title='bbox 381 931 481 975; x_wconf 86' lang='lat' dir='ltr'>evoro</span> <span class='ocrx_word' id='word_1_41' title='bbox 499 914 640 976; x_wconf 88' lang='lat' dir='ltr'>interesse</span> <span class='ocrx_word' id='word_1_42' title='bbox 658 916 736 977; x_wconf 91' lang='lat' dir='ltr'>della</span> <span class='ocrx_word' id='word_1_43' title='bbox 749 916 811 977; x_wconf 89' lang='lat' dir='ltr'>mia</span> <span class='ocrx_word' id='word_1_44' title='bbox 833 918 931 978; x_wconf 83' lang='lat' dir='ltr'>Corte.</span> <span class='ocrx_word' id='word_1_45' title='bbox 947 919 1013 980; x_wconf 92' lang='lat' dir='ltr'>Non</span> <span class='ocrx_word' id='word_1_46' title='bbox 1024 919 1064 980; x_wconf 93' lang='lat' dir='ltr'>ho</span> <span class='ocrx_word' id='word_1_47' title='bbox 1078 920 1203 1003; x_wconf 89' lang='lat' dir='ltr'>creduto</span> <span class='ocrx_word' id='word_1_48' title='bbox 1222 922 1376 984; x_wconf 87' lang='lat' dir='ltr'>tralasciar</span> 
     </span>
     <span class='ocr_line' id='line_1_6' title="bbox 211 1010 1377 1097; baseline 0.009 -26"><span class='ocrx_word' id='word_1_49' title='bbox 211 1082 213 1087; x_wconf 68' lang='lat'>,</span> <span class='ocrx_word' id='word_1_50' title='bbox 233 1012 263 1071; x_wconf 95' lang='lat' dir='ltr'>di</span> <span class='ocrx_word' id='word_1_51' title='bbox 286 1011 399 1072; x_wconf 89' lang='lat' dir='ltr'>riferirc</span> <span class='ocrx_word' id='word_1_52' title='bbox 422 1030 441 1072; x_wconf 93' lang='lat' dir='ltr'>a</span> <span class='ocrx_word' id='word_1_53' title='bbox 463 1012 501 1071; x_wconf 86' lang='lat' dir='ltr'>V.</span> <span class='ocrx_word' id='word_1_54' title='bbox 523 1013 558 1071; x_wconf 90' lang='lat' dir='ltr'>E.</span> <span class='ocrx_word' id='word_1_55' title='bbox 579 1010 804 1074; x_wconf 88' lang='lat' dir='ltr'>distintamente</span> <span class='ocrx_word' id='word_1_56' title='bbox 824 1018 904 1073; x_wconf 84' lang='lat' dir='ltr'>tutte</span> <span class='ocrx_word' id='word_1_57' title='bbox 924 1014 954 1075; x_wconf 89' lang='lat' dir='ltr'>la</span> <span class='ocrx_word' id='word_1_58' title='bbox 973 1014 1047 1075; x_wconf 88' lang='lat' dir='ltr'>serie</span> <span class='ocrx_word' id='word_1_59' title='bbox 1068 1014 1098 1076; x_wconf 94' lang='lat' dir='ltr'>di</span> <span class='ocrx_word' id='word_1_60' title='bbox 1120 1024 1225 1097; x_wconf 90' lang='lat' dir='ltr'>questa</span> <span class='ocrx_word' id='word_1_61' title='bbox 1248 1018 1377 1081; x_wconf 78' lang='lat' dir='ltr'>familiar</span> 
     </span>
     <span class='ocr_line' id='line_1_7' title="bbox 231 1107 1421 1196; baseline 0.008 -26"><span class='ocrx_word' id='word_1_62' title='bbox 231 1109 470 1185; x_wconf 88' lang='lat' dir='ltr'>conversatione,</span> <span class='ocrx_word' id='word_1_63' title='bbox 489 1108 545 1168; x_wconf 88' lang='lat' dir='ltr'>ohe</span> <span class='ocrx_word' id='word_1_64' title='bbox 564 1107 606 1169; x_wconf 90' lang='lat' dir='ltr'>ho</span> <span class='ocrx_word' id='word_1_65' title='bbox 628 1116 718 1171; x_wconf 87' lang='lat' dir='ltr'>avuta</span> <span class='ocrx_word' id='word_1_66' title='bbox 741 1110 789 1171; x_wconf 95' lang='lat' dir='ltr'>col</span> <span class='ocrx_word' id='word_1_67' title='bbox 809 1110 980 1191; x_wconf 88' lang='lat' dir='ltr'>sopradetto</span> <span class='ocrx_word' id='word_1_68' title='bbox 1004 1112 1159 1194; x_wconf 85' lang='lat' dir='ltr'>Principe,</span> <span class='ocrx_word' id='word_1_69' title='bbox 1178 1115 1199 1176; x_wconf 94' lang='lat' dir='ltr'>il</span> <span class='ocrx_word' id='word_1_70' title='bbox 1219 1115 1309 1196; x_wconf 92' lang='lat' dir='ltr'>quale</span> <span class='ocrx_word' id='word_1_71' title='bbox 1328 1117 1375 1179; x_wconf 90' lang='lat' dir='ltr'>no&#39;</span> <span class='ocrx_word' id='word_1_72' title='bbox 1417 1145 1421 1155; x_wconf 76' lang='lat'><em>=</em></span> 
     </span>
     <span class='ocr_line' id='line_1_8' title="bbox 231 1204 1376 1291; baseline 0.01 -26"><span class='ocrx_word' id='word_1_73' title='bbox 231 1210 342 1284; x_wconf 75' lang='lat' dir='ltr'>passati</span> <span class='ocrx_word' id='word_1_74' title='bbox 365 1204 461 1283; x_wconf 82' lang='lat' dir='ltr'>giomi</span> <span class='ocrx_word' id='word_1_75' title='bbox 483 1223 501 1265; x_wconf 91' lang='lat' dir='ltr'>e</span> <span class='ocrx_word' id='word_1_76' title='bbox 520 1204 631 1284; x_wconf 91' lang='lat' dir='ltr'>partito</span> <span class='ocrx_word' id='word_1_77' title='bbox 653 1205 693 1267; x_wconf 89' lang='lat' dir='ltr'>da</span> <span class='ocrx_word' id='word_1_78' title='bbox 719 1207 914 1289; x_wconf 81' lang='lat' dir='ltr'>Pietrolrurgo</span> <span class='ocrx_word' id='word_1_79' title='bbox 939 1228 993 1288; x_wconf 84' lang='lat' dir='ltr'>por</span> <span class='ocrx_word' id='word_1_80' title='bbox 1010 1210 1041 1271; x_wconf 87' lang='lat' dir='ltr'>la</span> <span class='ocrx_word' id='word_1_81' title='bbox 1059 1211 1108 1274; x_wconf 90' lang='lat' dir='ltr'>via</span> <span class='ocrx_word' id='word_1_82' title='bbox 1128 1210 1158 1272; x_wconf 93' lang='lat' dir='ltr'>di</span> <span class='ocrx_word' id='word_1_83' title='bbox 1181 1213 1283 1275; x_wconf 82' lang='lat' dir='ltr'>Mosco</span> <span class='ocrx_word' id='word_1_84' title='bbox 1290 1259 1299 1291; x_wconf 89' lang='lat'>,</span> <span class='ocrx_word' id='word_1_85' title='bbox 1318 1215 1376 1280; x_wconf 91' lang='lat' dir='ltr'>alla</span> 
     </span>
     <span class='ocr_line' id='line_1_9' title="bbox 232 1293 1413 1386; baseline 0.008 -23"><span class='ocrx_word' id='word_1_86' title='bbox 232 1303 311 1365; x_wconf 90' lang='lat' dir='ltr'>volta</span> <span class='ocrx_word' id='word_1_87' title='bbox 324 1302 401 1364; x_wconf 88' lang='lat' dir='ltr'>delle</span> <span class='ocrx_word' id='word_1_88' title='bbox 417 1320 470 1363; x_wconf 88' lang='lat' dir='ltr'>sue</span> <span class='ocrx_word' id='word_1_89' title='bbox 486 1309 564 1362; x_wconf 88' lang='lat' dir='ltr'>terre</span> <span class='ocrx_word' id='word_1_90' title='bbox 579 1302 609 1361; x_wconf 95' lang='lat' dir='ltr'>di</span> <span class='ocrx_word' id='word_1_91' title='bbox 627 1302 739 1364; x_wconf 82' lang='lat' dir='ltr'>Bienca</span> <span class='ocrx_word' id='word_1_92' title='bbox 757 1305 881 1382; x_wconf 88' lang='lat' dir='ltr'>Russia,</span> <span class='ocrx_word' id='word_1_93' title='bbox 901 1324 918 1366; x_wconf 91' lang='lat' dir='ltr'>e</span> <span class='ocrx_word' id='word_1_94' title='bbox 934 1293 1039 1386; x_wconf 80' lang='lat' dir='ltr'>posoia</span> <span class='ocrx_word' id='word_1_95' title='bbox 1053 1307 1131 1370; x_wconf 85' lang='lat' dir='ltr'>della</span> <span class='ocrx_word' id='word_1_96' title='bbox 1149 1309 1277 1372; x_wconf 79' lang='lat' dir='ltr'>Taurica</span> <span class='ocrx_word' id='word_1_97' title='bbox 1288 1311 1375 1373; x_wconf 86' lang='lat' dir='ltr'>Cher·</span> <span class='ocrx_word' id='word_1_98' title='bbox 1410 1324 1413 1332; x_wconf 93' lang='grc'><em>·</em></span> 
     </span>
     <span class='ocr_line' id='line_1_10' title="bbox 230 1398 1375 1488; baseline 0.008 -27"><span class='ocrx_word' id='word_1_99' title='bbox 230 1417 333 1461; x_wconf 90' lang='lat' dir='ltr'>sonese</span> <span class='ocrx_word' id='word_1_100' title='bbox 344 1443 352 1476; x_wconf 92' lang='lat'>,</span> <span class='ocrx_word' id='word_1_101' title='bbox 365 1417 384 1459; x_wconf 94' lang='lat' dir='ltr'>o</span> <span class='ocrx_word' id='word_1_102' title='bbox 396 1399 513 1459; x_wconf 88' lang='lat' dir='ltr'>almeno</span> <span class='ocrx_word' id='word_1_103' title='bbox 524 1398 572 1459; x_wconf 89' lang='lat' dir='ltr'>de&#39;</span> <span class='ocrx_word' id='word_1_104' title='bbox 584 1399 686 1478; x_wconf 84' lang='lat' dir='ltr'>luoghi</span> <span class='ocrx_word' id='word_1_105' title='bbox 697 1399 804 1462; x_wconf 88' lang='lat' dir='ltr'>viccini</span> <span class='ocrx_word' id='word_1_106' title='bbox 823 1421 842 1463; x_wconf 93' lang='lat' dir='ltr'>a</span> <span class='ocrx_word' id='word_1_107' title='bbox 861 1404 960 1484; x_wconf 88' lang='lat' dir='ltr'>quella</span> <span class='ocrx_word' id='word_1_108' title='bbox 968 1423 1069 1468; x_wconf 88' lang='lat' dir='ltr'>nuova</span> <span class='ocrx_word' id='word_1_109' title='bbox 1086 1409 1255 1488; x_wconf 82' lang='lat' dir='ltr'>conquisto.</span> <span class='ocrx_word' id='word_1_110' title='bbox 1272 1409 1375 1471; x_wconf 88' lang='lat' dir='ltr'>Ritor-</span> 
     </span>
     <span class='ocr_line' id='line_1_11' title="bbox 217 1495 1068 1577; baseline 0.006 -19"><span class='ocrx_word' id='word_1_111' title='bbox 217 1497 300 1558; x_wconf 80' lang='lat' dir='ltr'>nera</span> <span class='ocrx_word' id='word_1_112' title='bbox 312 1496 369 1576; x_wconf 85' lang='lat' dir='ltr'>egli</span> <span class='ocrx_word' id='word_1_113' title='bbox 382 1497 412 1557; x_wconf 85' lang='lat' dir='ltr'>in</span> <span class='ocrx_word' id='word_1_114' title='bbox 422 1502 528 1576; x_wconf 88' lang='lat' dir='ltr'>questa</span> <span class='ocrx_word' id='word_1_115' title='bbox 537 1495 666 1577; x_wconf 90' lang='lat' dir='ltr'>capitale</span> <span class='ocrx_word' id='word_1_116' title='bbox 678 1495 723 1558; x_wconf 87' lang='lat' dir='ltr'>fra</span> <span class='ocrx_word' id='word_1_117' title='bbox 736 1498 812 1577; x_wconf 88' lang='lat' dir='ltr'>duo,</span> <span class='ocrx_word' id='word_1_118' title='bbox 826 1519 846 1560; x_wconf 95' lang='lat' dir='ltr'>o</span> <span class='ocrx_word' id='word_1_119' title='bbox 857 1507 903 1562; x_wconf 90' lang='lat' dir='ltr'>tre</span> <span class='ocrx_word' id='word_1_120' title='bbox 917 1502 1002 1563; x_wconf 88' lang='lat' dir='ltr'>mesi.</span> <span class='ocrx_word' id='word_1_121' title='bbox 1064 1537 1068 1547; x_wconf 90' lang='lat'><em>·</em></span> 
     </span>
    </p>

    <p class='ocr_par' dir='ltr' id='par_1_3' title="bbox 227 1588 1380 2160">
     <span class='ocr_line' id='line_1_12' title="bbox 269 1588 1373 1679; baseline 0.008 -25"><span class='ocrx_word' id='word_1_122' title='bbox 269 1594 349 1655; x_wconf 89' lang='lat' dir='ltr'>Sono</span> <span class='ocrx_word' id='word_1_123' title='bbox 363 1592 497 1654; x_wconf 83' lang='lat' dir='ltr'>calendio</span> <span class='ocrx_word' id='word_1_124' title='bbox 508 1592 610 1673; x_wconf 92' lang='lat' dir='ltr'>partiti</span> <span class='ocrx_word' id='word_1_125' title='bbox 623 1592 654 1654; x_wconf 90' lang='lat' dir='ltr'>in</span> <span class='ocrx_word' id='word_1_126' title='bbox 676 1613 732 1655; x_wconf 88' lang='lat' dir='ltr'>sua</span> <span class='ocrx_word' id='word_1_127' title='bbox 748 1597 928 1676; x_wconf 81' lang='lat' dir='ltr'>compagnia</span> <span class='ocrx_word' id='word_1_128' title='bbox 941 1598 1114 1679; x_wconf 81' lang='lat' dir='ltr'>Monsignor</span> <span class='ocrx_word' id='word_1_129' title='bbox 1125 1588 1322 1663; x_wconf 79' lang='lat' dir='ltr'>Arcivesoovo</span> <span class='ocrx_word' id='word_1_130' title='bbox 1341 1602 1373 1664; x_wconf 93' lang='lat' dir='ltr'>di</span> 
     </span>
     <span class='ocr_line' id='line_1_13' title="bbox 228 1689 1374 1776; baseline 0.008 -24"><span class='ocrx_word' id='word_1_131' title='bbox 228 1689 400 1766; x_wconf 85' lang='lat' dir='ltr'>Mohilovia,</span> <span class='ocrx_word' id='word_1_132' title='bbox 413 1689 462 1750; x_wconf 89' lang='lat' dir='ltr'>eil</span> <span class='ocrx_word' id='word_1_133' title='bbox 475 1708 575 1750; x_wconf 91' lang='lat' dir='ltr'>nuovo</span> <span class='ocrx_word' id='word_1_134' title='bbox 587 1690 723 1752; x_wconf 88' lang='lat' dir='ltr'>Vesoovo</span> <span class='ocrx_word' id='word_1_135' title='bbox 732 1690 902 1753; x_wconf 83' lang='lat' dir='ltr'>Gadarense</span> <span class='ocrx_word' id='word_1_136' title='bbox 911 1693 1105 1757; x_wconf 88' lang='lat' dir='ltr'>Benislawski</span> <span class='ocrx_word' id='word_1_137' title='bbox 1117 1695 1240 1776; x_wconf 80' lang='lat' dir='ltr'>giacche</span> <span class='ocrx_word' id='word_1_138' title='bbox 1249 1697 1274 1759; x_wconf 93' lang='lat' dir='ltr'>si</span> <span class='ocrx_word' id='word_1_139' title='bbox 1283 1698 1374 1761; x_wconf 90' lang='lat' dir='ltr'>lusin-</span> 
     </span>
     <span class='ocr_line' id='line_1_14' title="bbox 227 1786 1372 1868; baseline 0.009 -22"><span class='ocrx_word' id='word_1_140' title='bbox 227 1804 322 1865; x_wconf 84' lang='lat' dir='ltr'>gano,</span> <span class='ocrx_word' id='word_1_141' title='bbox 337 1786 392 1847; x_wconf 91' lang='lat' dir='ltr'>che</span> <span class='ocrx_word' id='word_1_142' title='bbox 410 1788 439 1848; x_wconf 91' lang='lat' dir='ltr'>la</span> <span class='ocrx_word' id='word_1_143' title='bbox 453 1786 556 1848; x_wconf 87' lang='lat' dir='ltr'>strada</span> <span class='ocrx_word' id='word_1_144' title='bbox 569 1786 599 1848; x_wconf 94' lang='lat' dir='ltr'>di</span> <span class='ocrx_word' id='word_1_145' title='bbox 616 1788 718 1849; x_wconf 88' lang='lat' dir='ltr'>Mosca</span> <span class='ocrx_word' id='word_1_146' title='bbox 734 1788 779 1849; x_wconf 90' lang='lat' dir='ltr'>sia</span> <span class='ocrx_word' id='word_1_147' title='bbox 794 1806 848 1868; x_wconf 89' lang='lat' dir='ltr'>per</span> <span class='ocrx_word' id='word_1_148' title='bbox 869 1789 976 1851; x_wconf 89' lang='lat' dir='ltr'>riuscir</span> <span class='ocrx_word' id='word_1_149' title='bbox 987 1791 1052 1853; x_wconf 94' lang='lat' dir='ltr'>loro</span> <span class='ocrx_word' id='word_1_150' title='bbox 1069 1810 1160 1854; x_wconf 85' lang='lat' dir='ltr'>meno</span> <span class='ocrx_word' id='word_1_151' title='bbox 1174 1792 1337 1856; x_wconf 86' lang='lat' dir='ltr'>disastrosa</span> <span class='ocrx_word' id='word_1_152' title='bbox 1354 1814 1372 1857; x_wconf 90' lang='lat' dir='ltr'>e</span> 
     </span>
     <span class='ocr_line' id='line_1_15' title="bbox 230 1884 1373 1969; baseline 0.008 -26"><span class='ocrx_word' id='word_1_153' title='bbox 230 1884 421 1962; x_wconf 82' lang='lat' dir='ltr'>malagevole&#39;</span> <span class='ocrx_word' id='word_1_154' title='bbox 431 1884 509 1945; x_wconf 88' lang='lat' dir='ltr'>nella</span> <span class='ocrx_word' id='word_1_155' title='bbox 519 1890 657 1964; x_wconf 81' lang='lat' dir='ltr'>presente</span> <span class='ocrx_word' id='word_1_156' title='bbox 668 1884 815 1963; x_wconf 88' lang='lat' dir='ltr'>prossima</span> <span class='ocrx_word' id='word_1_157' title='bbox 826 1885 971 1965; x_wconf 83' lang='lat' dir='ltr'>stagioue,</span> <span class='ocrx_word' id='word_1_158' title='bbox 982 1887 1013 1948; x_wconf 90' lang='lat' dir='ltr'>in</span> <span class='ocrx_word' id='word_1_159' title='bbox 1025 1887 1072 1949; x_wconf 92' lang='lat' dir='ltr'>cui</span> <span class='ocrx_word' id='word_1_160' title='bbox 1085 1888 1138 1969; x_wconf 91' lang='lat' dir='ltr'>qui</span> <span class='ocrx_word' id='word_1_161' title='bbox 1150 1908 1167 1950; x_wconf 93' lang='lat' dir='ltr'>o</span> <span class='ocrx_word' id='word_1_162' title='bbox 1177 1889 1207 1950; x_wconf 85' lang='lat' dir='ltr'>la</span> <span class='ocrx_word' id='word_1_163' title='bbox 1218 1909 1258 1952; x_wconf 91' lang='lat' dir='ltr'>un</span> <span class='ocrx_word' id='word_1_164' title='bbox 1267 1890 1373 1953; x_wconf 80' lang='lat' dir='ltr'>froddo</span> 
     </span>
     <span class='ocr_line' id='line_1_16' title="bbox 227 1975 1380 2062; baseline 0.01 -23"><span class='ocrx_word' id='word_1_165' title='bbox 227 1979 257 2039; x_wconf 95' lang='lat' dir='ltr'>di</span> <span class='ocrx_word' id='word_1_166' title='bbox 269 1979 347 2041; x_wconf 91' lang='lat' dir='ltr'>venti</span> <span class='ocrx_word' id='word_1_167' title='bbox 355 1979 440 2059; x_wconf 80' lang='lat' dir='ltr'>gradi</span> <span class='ocrx_word' id='word_1_168' title='bbox 452 1986 531 2043; x_wconf 91' lang='lat' dir='ltr'>sotto</span> <span class='ocrx_word' id='word_1_169' title='bbox 543 1980 563 2041; x_wconf 95' lang='lat' dir='ltr'>il</span> <span class='ocrx_word' id='word_1_170' title='bbox 574 1981 653 2060; x_wconf 82' lang='lat' dir='ltr'>gelo,</span> <span class='ocrx_word' id='word_1_171' title='bbox 667 1981 760 2042; x_wconf 85' lang='lat' dir='ltr'>oseil</span> <span class='ocrx_word' id='word_1_172' title='bbox 772 1980 1025 2062; x_wconf 85' lang='lat' dir='ltr'>freddorallenta,</span> <span class='ocrx_word' id='word_1_173' title='bbox 1037 1985 1112 2047; x_wconf 90' lang='lat' dir='ltr'>cade</span> <span class='ocrx_word' id='word_1_174' title='bbox 1124 1986 1235 2048; x_wconf 90' lang='lat' dir='ltr'>laneve</span> <span class='ocrx_word' id='word_1_175' title='bbox 1247 1975 1380 2058; x_wconf 82' lang='lat' dir='ltr'>intanta</span> 
     </span>
     <span class='ocr_line' id='line_1_17' title="bbox 228 2076 1372 2160; baseline 0.007 -22"><span class='ocrx_word' id='word_1_176' title='bbox 228 2076 316 2156; x_wconf 90' lang='lat' dir='ltr'>copia</span> <span class='ocrx_word' id='word_1_177' title='bbox 336 2077 392 2137; x_wconf 91' lang='lat' dir='ltr'>che</span> <span class='ocrx_word' id='word_1_178' title='bbox 410 2077 440 2139; x_wconf 90' lang='lat' dir='ltr'>di</span> <span class='ocrx_word' id='word_1_179' title='bbox 458 2078 507 2157; x_wconf 75' lang='lat' dir='ltr'>gia</span> <span class='ocrx_word' id='word_1_180' title='bbox 523 2077 659 2157; x_wconf 76' lang='lat' dir='ltr'>egiunta</span> <span class='ocrx_word' id='word_1_181' title='bbox 672 2079 711 2140; x_wconf 90' lang='lat' dir='ltr'>da</span> <span class='ocrx_word' id='word_1_182' title='bbox 731 2084 864 2160; x_wconf 85' lang='lat' dir='ltr'>pertutto</span> <span class='ocrx_word' id='word_1_183' title='bbox 887 2080 926 2141; x_wconf 86' lang='lat' dir='ltr'>ad</span> <span class='ocrx_word' id='word_1_184' title='bbox 944 2100 1005 2143; x_wconf 91' lang='lat' dir='ltr'>una</span> <span class='ocrx_word' id='word_1_185' title='bbox 1018 2084 1232 2146; x_wconf 86' lang='lat' dir='ltr'>straordinaria</span> <span class='ocrx_word' id='word_1_186' title='bbox 1249 2086 1372 2146; x_wconf 80' lang='lat' dir='ltr'>alterna.-</span> 
     </span>
    </p>

    <p class='ocr_par' dir='ltr' id='par_1_4' title="bbox 194 2174 1450 2354">
     <span class='ocr_line' id='line_1_18' title="bbox 195 2174 1450 2263; baseline 0.009 -29"><span class='ocrx_word' id='word_1_187' title='bbox 195 2243 197 2246; x_wconf 9' lang='lat' dir='ltr'>y</span> <span class='ocrx_word' id='word_1_188' title='bbox 228 2177 319 2255; x_wconf 84' lang='lat' dir='ltr'>Epor</span> <span class='ocrx_word' id='word_1_189' title='bbox 332 2174 390 2236; x_wconf 85' lang='lat' dir='ltr'>fine</span> <span class='ocrx_word' id='word_1_190' title='bbox 404 2175 452 2236; x_wconf 94' lang='lat' dir='ltr'>all&#39;</span> <span class='ocrx_word' id='word_1_191' title='bbox 467 2178 503 2236; x_wconf 89' lang='lat' dir='ltr'>E.</span> <span class='ocrx_word' id='word_1_192' title='bbox 517 2176 555 2235; x_wconf 88' lang='lat' dir='ltr'>V.</span> <span class='ocrx_word' id='word_1_193' title='bbox 577 2175 619 2236; x_wconf 92' lang='lat' dir='ltr'>mi</span> <span class='ocrx_word' id='word_1_194' title='bbox 637 2175 886 2253; x_wconf 88' lang='lat' dir='ltr'>raocomando,e</span> <span class='ocrx_word' id='word_1_195' title='bbox 903 2195 961 2239; x_wconf 93' lang='lat' dir='ltr'>con</span> <span class='ocrx_word' id='word_1_196' title='bbox 981 2178 1213 2259; x_wconf 82' lang='lat' dir='ltr'>profondissimo</span> <span class='ocrx_word' id='word_1_197' title='bbox 1230 2183 1370 2263; x_wconf 90' lang='lat' dir='ltr'>ossequio</span> <span class='ocrx_word' id='word_1_198' title='bbox 1447 2235 1450 2245; x_wconf 93' lang='lat'><em>.</em></span> 
     </span>
     <span class='ocr_line' id='line_1_19' title="bbox 194 2254 435 2354; baseline 0.017 -21"><span class='ocrx_word' id='word_1_199' title='bbox 194 2254 197 2266; x_wconf 51' lang='lat'>⁸</span> <span class='ocrx_word' id='word_1_200' title='bbox 226 2273 268 2334; x_wconf 96' lang='lat' dir='ltr'>mi</span> <span class='ocrx_word' id='word_1_201' title='bbox 283 2291 435 2354; x_wconf 82' lang='lat' dir='ltr'>rassegno,</span> 
     </span>
    </p>

    <p class='ocr_par' dir='ltr' id='par_1_5' title="bbox 302 2390 637 2455">
     <span class='ocr_line' id='line_1_20' title="bbox 302 2390 637 2455; baseline 0.015 -5"><span class='ocrx_word' id='word_1_202' title='bbox 302 2390 336 2450; x_wconf 89' lang='lat' dir='ltr'>Di</span> <span class='ocrx_word' id='word_1_203' title='bbox 352 2393 458 2454; x_wconf 90' lang='lat' dir='ltr'>Vestra</span> <span class='ocrx_word' id='word_1_204' title='bbox 475 2396 637 2455; x_wconf 90' lang='lat' dir='ltr'>Eminenza</span> 
     </span>
    </p>
   </div>
   <div class='ocr_carea' id='block_1_3' title="bbox 477 2509 1371 2665">
    <p class='ocr_par' dir='ltr' id='par_1_6' title="bbox 477 2509 1371 2665">
     <span class='ocr_line' id='line_1_21' title="bbox 477 2509 1371 2578; baseline 0.003 -13"><span class='ocrx_word' id='word_1_205' title='bbox 477 2509 662 2577; x_wconf 87' lang='lat' dir='ltr'>Umilissimo,</span> <span class='ocrx_word' id='word_1_206' title='bbox 683 2510 874 2578; x_wconf 86' lang='lat' dir='ltr'>Divotissimo,</span> <span class='ocrx_word' id='word_1_207' title='bbox 898 2517 925 2566; x_wconf 87' lang='lat' dir='ltr'>et</span> <span class='ocrx_word' id='word_1_208' title='bbox 944 2509 1187 2567; x_wconf 84' lang='lat' dir='ltr'>Obhidicntissimo</span> <span class='ocrx_word' id='word_1_209' title='bbox 1205 2512 1288 2568; x_wconf 85' lang='lat' dir='ltr'>Servo</span> <span class='ocrx_word' id='word_1_210' title='bbox 1305 2526 1371 2568; x_wconf 80' lang='lat' dir='ltr'>vero</span> 
     </span>
     <span class='ocr_line' id='line_1_22' title="bbox 660 2607 1289 2665; baseline -0.006 -3"><span class='ocrx_word' id='word_1_211' title='bbox 660 2607 694 2662; x_wconf 76' lang='lat' dir='ltr'>G.</span> <span class='ocrx_word' id='word_1_212' title='bbox 709 2611 743 2662; x_wconf 81' lang='grc' dir='ltr'>Α.</span> <span class='ocrx_word' id='word_1_213' title='bbox 766 2608 975 2663; x_wconf 79' lang='lat' dir='ltr'>Aacrvnscovo</span> <span class='ocrx_word' id='word_1_214' title='bbox 993 2623 1025 2662; x_wconf 86' lang='lat' dir='ltr'>nr</span> <span class='ocrx_word' id='word_1_215' title='bbox 1037 2609 1242 2665; x_wconf 67' lang='lat' dir='ltr'>Camunnorum.</span> <span class='ocrx_word' id='word_1_216' title='bbox 1287 2655 1289 2658; x_wconf 11' lang='grc' dir='ltr'><em>Α</em></span> 
     </span>
    </p>
   </div>
   <div class='ocr_carea' id='block_1_4' title="bbox 704 2829 882 2898">
    <p class='ocr_par' dir='ltr' id='par_1_7' title="bbox 704 2829 882 2898">
     <span class='ocr_line' id='line_1_23' title="bbox 704 2829 882 2898; baseline 0.006 -2"><span class='ocrx_word' id='word_1_217' title='bbox 704 2829 882 2898; x_wconf 86' lang='lat' dir='ltr'><strong>CCCXVII.</strong></span> 
     </span>
    </p>
   </div>
   <div class='ocr_carea' id='block_1_5' title="bbox 428 2973 1202 3185">
    <p class='ocr_par' dir='ltr' id='par_1_8' title="bbox 428 2973 1202 3185">
     <span class='ocr_line' id='line_1_24' title="bbox 529 2973 1202 3083; baseline -0.007 -31"><span class='ocrx_word' id='word_1_218' title='bbox 529 2974 761 3052; x_wconf 70' lang='lat' dir='ltr'>crunnus</span> <span class='ocrx_word' id='word_1_219' title='bbox 788 2976 915 3050; x_wconf 75' lang='lat' dir='ltr'>nuru</span> <span class='ocrx_word' id='word_1_220' title='bbox 943 2973 1049 3049; x_wconf 80' lang='lat' dir='ltr'>mv,</span> <span class='ocrx_word' id='word_1_221' title='bbox 1199 3078 1202 3083; x_wconf 73' lang='lat'><strong>.</strong></span> 
     </span>
     <span class='ocr_line' id='line_1_25' title="bbox 428 3113 1150 3185; baseline -0.001 -1"><span class='ocrx_word' id='word_1_222' title='bbox 428 3125 485 3185; x_wconf 83' lang='grc' dir='ltr'>ΑΙ)</span> <span class='ocrx_word' id='word_1_223' title='bbox 510 3113 776 3184; x_wconf 84' lang='lat' dir='ltr'><strong>PERPETUAM</strong></span> <span class='ocrx_word' id='word_1_224' title='bbox 801 3123 878 3183; x_wconf 85' lang='lat' dir='ltr'>REI</span> <span class='ocrx_word' id='word_1_225' title='bbox 905 3120 1150 3184; x_wconf 82' lang='lat' dir='ltr'><strong>MEMORIAM</strong></span> 
     </span>
    </p>
   </div>
   <div class='ocr_carea' id='block_1_6' title="bbox 220 3243 1418 3825">
    <p class='ocr_par' dir='ltr' id='par_1_9' title="bbox 220 3243 1418 3825">
     <span class='ocr_line' id='line_1_26' title="bbox 260 3243 1365 3337; baseline 0.002 -19"><span class='ocrx_word' id='word_1_226' title='bbox 260 3271 292 3319; x_wconf 79' lang='lat' dir='ltr'>l.</span> <span class='ocrx_word' id='word_1_227' title='bbox 309 3257 470 3332; x_wconf 85' lang='lat' dir='ltr'>Dominus,</span> <span class='ocrx_word' id='word_1_228' title='bbox 484 3274 519 3336; x_wconf 85' lang='lat' dir='ltr'>ac</span> <span class='ocrx_word' id='word_1_229' title='bbox 537 3255 718 3336; x_wconf 85' lang='lat' dir='ltr'>Redemptor</span> <span class='ocrx_word' id='word_1_230' title='bbox 736 3243 852 3332; x_wconf 81' lang='lat' dir='ltr'>noster,</span> <span class='ocrx_word' id='word_1_231' title='bbox 863 3257 936 3316; x_wconf 83' lang='lat' dir='ltr'>lesu</span> <span class='ocrx_word' id='word_1_232' title='bbox 957 3255 1109 3332; x_wconf 89' lang='lat' dir='ltr'>Christus,</span> <span class='ocrx_word' id='word_1_233' title='bbox 1126 3253 1365 3337; x_wconf 86' lang='lat' dir='ltr'>Princepspacis</span> 
     </span>
     <span class='ocr_line' id='line_1_27' title="bbox 221 3351 1418 3435; baseline 0.003 -18"><span class='ocrx_word' id='word_1_234' title='bbox 221 3376 239 3418; x_wconf 88' lang='lat' dir='ltr'>a</span> <span class='ocrx_word' id='word_1_235' title='bbox 251 3354 400 3435; x_wconf 88' lang='lat' dir='ltr'>Propheta</span> <span class='ocrx_word' id='word_1_236' title='bbox 413 3352 641 3434; x_wconf 72' lang='lat' dir='ltr'>prenuntiatus,</span> <span class='ocrx_word' id='word_1_237' title='bbox 653 3351 735 3433; x_wconf 90' lang='lat' dir='ltr'>quod</span> <span class='ocrx_word' id='word_1_238' title='bbox 748 3351 829 3413; x_wconf 90' lang='lat' dir='ltr'>hunc</span> <span class='ocrx_word' id='word_1_239' title='bbox 841 3351 871 3412; x_wconf 91' lang='lat' dir='ltr'>in</span> <span class='ocrx_word' id='word_1_240' title='bbox 883 3351 1031 3414; x_wconf 88' lang='lat' dir='ltr'>mundum</span> <span class='ocrx_word' id='word_1_241' title='bbox 1042 3351 1162 3414; x_wconf 89' lang='lat' dir='ltr'>veniens</span> <span class='ocrx_word' id='word_1_242' title='bbox 1175 3370 1229 3433; x_wconf 86' lang='lat' dir='ltr'>per</span> <span class='ocrx_word' id='word_1_243' title='bbox 1243 3356 1363 3434; x_wconf 83' lang='lat' dir='ltr'>angelos</span> <span class='ocrx_word' id='word_1_244' title='bbox 1416 3417 1418 3419; x_wconf 76' lang='grc'><strong>,</strong></span> 
     </span>
     <span class='ocr_line' id='line_1_28' title="bbox 220 3447 1364 3533; baseline 0 -20"><span class='ocrx_word' id='word_1_245' title='bbox 220 3453 352 3533; x_wconf 92' lang='lat' dir='ltr'>primum</span> <span class='ocrx_word' id='word_1_246' title='bbox 363 3450 533 3530; x_wconf 87' lang='lat' dir='ltr'>pastoribus</span> <span class='ocrx_word' id='word_1_247' title='bbox 552 3447 743 3530; x_wconf 76' lang='lat' dir='ltr'>significavit,</span> <span class='ocrx_word' id='word_1_248' title='bbox 767 3467 802 3510; x_wconf 91' lang='lat' dir='ltr'>ac</span> <span class='ocrx_word' id='word_1_249' title='bbox 822 3447 946 3516; x_wconf 86' lang='lat' dir='ltr'>demum</span> <span class='ocrx_word' id='word_1_250' title='bbox 959 3467 1057 3530; x_wconf 87' lang='lat' dir='ltr'>perse</span> <span class='ocrx_word' id='word_1_251' title='bbox 1073 3449 1184 3531; x_wconf 92' lang='lat' dir='ltr'>ipsum,</span> <span class='ocrx_word' id='word_1_252' title='bbox 1203 3455 1364 3531; x_wconf 85' lang='lat' dir='ltr'>antequam</span> 
     </span>
     <span class='ocr_line' id='line_1_29' title="bbox 221 3545 1363 3629; baseline 0 -18"><span class='ocrx_word' id='word_1_253' title='bbox 221 3553 250 3611; x_wconf 89' lang='lat' dir='ltr'>in</span> <span class='ocrx_word' id='word_1_254' title='bbox 268 3545 355 3611; x_wconf 76' lang='lat' dir='ltr'>caelos</span> <span class='ocrx_word' id='word_1_255' title='bbox 369 3549 561 3627; x_wconf 84' lang='lat' dir='ltr'>ascenderet,</span> <span class='ocrx_word' id='word_1_256' title='bbox 573 3551 665 3611; x_wconf 90' lang='lat' dir='ltr'>semel</span> <span class='ocrx_word' id='word_1_257' title='bbox 679 3555 709 3610; x_wconf 91' lang='lat' dir='ltr'>et</span> <span class='ocrx_word' id='word_1_258' title='bbox 722 3548 831 3609; x_wconf 91' lang='lat' dir='ltr'>iterum</span> <span class='ocrx_word' id='word_1_259' title='bbox 843 3549 905 3610; x_wconf 92' lang='lat' dir='ltr'>suis</span> <span class='ocrx_word' id='word_1_260' title='bbox 917 3548 1036 3628; x_wconf 91' lang='lat' dir='ltr'>reliquit</span> <span class='ocrx_word' id='word_1_261' title='bbox 1047 3547 1216 3629; x_wconf 73' lang='lat' dir='ltr'>discipulis,</span> <span class='ocrx_word' id='word_1_262' title='bbox 1232 3549 1285 3609; x_wconf 90' lang='lat' dir='ltr'>ubi</span> <span class='ocrx_word' id='word_1_263' title='bbox 1297 3568 1363 3611; x_wconf 92' lang='lat' dir='ltr'>om-</span> 
     </span>
     <span class='ocr_line' id='line_1_30' title="bbox 220 3644 1362 3732; baseline -0.001 -22"><span class='ocrx_word' id='word_1_264' title='bbox 220 3650 271 3710; x_wconf 88' lang='lat' dir='ltr'>nia</span> <span class='ocrx_word' id='word_1_265' title='bbox 282 3651 344 3710; x_wconf 88' lang='lat' dir='ltr'>Deo</span> <span class='ocrx_word' id='word_1_266' title='bbox 358 3647 442 3711; x_wconf 85' lang='lat' dir='ltr'>Patri</span> <span class='ocrx_word' id='word_1_267' title='bbox 456 3647 722 3723; x_wconf 88' lang='lat' dir='ltr'>reconciliavisset,</span> <span class='ocrx_word' id='word_1_268' title='bbox 740 3644 902 3725; x_wconf 83' lang='lat' dir='ltr'>pacificans</span> <span class='ocrx_word' id='word_1_269' title='bbox 915 3664 970 3726; x_wconf 91' lang='lat' dir='ltr'>per</span> <span class='ocrx_word' id='word_1_270' title='bbox 984 3647 1160 3725; x_wconf 82' lang='lat' dir='ltr'>sanguinem</span> <span class='ocrx_word' id='word_1_271' title='bbox 1173 3647 1271 3709; x_wconf 88' lang='lat' dir='ltr'>crucis</span> <span class='ocrx_word' id='word_1_272' title='bbox 1283 3667 1362 3732; x_wconf 79' lang='lat' dir='ltr'>suae,</span> 
     </span>
     <span class='ocr_line' id='line_1_31' title="bbox 220 3742 1363 3825; baseline 0.003 -19"><span class='ocrx_word' id='word_1_273' title='bbox 220 3746 281 3806; x_wconf 91' lang='lat' dir='ltr'>sive</span> <span class='ocrx_word' id='word_1_274' title='bbox 291 3763 357 3825; x_wconf 79' lang='lat' dir='ltr'>que</span> <span class='ocrx_word' id='word_1_275' title='bbox 369 3744 400 3805; x_wconf 93' lang='lat' dir='ltr'>in</span> <span class='ocrx_word' id='word_1_276' title='bbox 414 3743 517 3820; x_wconf 90' lang='lat' dir='ltr'>terris,</span> <span class='ocrx_word' id='word_1_277' title='bbox 532 3742 594 3804; x_wconf 87' lang='lat' dir='ltr'>sive</span> <span class='ocrx_word' id='word_1_278' title='bbox 604 3762 670 3824; x_wconf 81' lang='lat' dir='ltr'>qua</span> <span class='ocrx_word' id='word_1_279' title='bbox 683 3743 713 3804; x_wconf 95' lang='lat' dir='ltr'>in</span> <span class='ocrx_word' id='word_1_280' title='bbox 726 3743 805 3805; x_wconf 85' lang='lat' dir='ltr'>caelis</span> <span class='ocrx_word' id='word_1_281' title='bbox 818 3750 902 3823; x_wconf 86' lang='lat' dir='ltr'>sunt,</span> <span class='ocrx_word' id='word_1_282' title='bbox 915 3743 1066 3823; x_wconf 86' lang='lat' dir='ltr'>Apostolis</span> <span class='ocrx_word' id='word_1_283' title='bbox 1080 3744 1172 3807; x_wconf 85' lang='lat' dir='ltr'>etiam</span> <span class='ocrx_word' id='word_1_284' title='bbox 1185 3746 1363 3810; x_wconf 87' lang='lat' dir='ltr'>reconcilia-</span> 
     </span>
    </p>
   </div>
   <div class='ocr_carea' id='block_1_7' title="bbox 149 3838 1376 4684">
    <p class='ocr_par' dir='ltr' id='par_1_10' title="bbox 149 3838 1376 4684">
     <span class='ocr_line' id='line_1_32' title="bbox 219 3838 1360 3930; baseline 0.003 -27"><span class='ocrx_word' id='word_1_285' title='bbox 219 3842 308 3905; x_wconf 90' lang='lat' dir='ltr'>tionis</span> <span class='ocrx_word' id='word_1_286' title='bbox 327 3840 447 3903; x_wconf 86' lang='lat' dir='ltr'>tradidit</span> <span class='ocrx_word' id='word_1_287' title='bbox 458 3841 675 3917; x_wconf 88' lang='lat' dir='ltr'>ministerium,</span> <span class='ocrx_word' id='word_1_288' title='bbox 691 3839 849 3923; x_wconf 83' lang='lat' dir='ltr'>posuitque</span> <span class='ocrx_word' id='word_1_289' title='bbox 863 3840 894 3902; x_wconf 97' lang='lat' dir='ltr'>in</span> <span class='ocrx_word' id='word_1_290' title='bbox 906 3839 948 3902; x_wconf 91' lang='lat' dir='ltr'>eis</span> <span class='ocrx_word' id='word_1_291' title='bbox 957 3838 1082 3902; x_wconf 87' lang='lat' dir='ltr'>verbum</span> <span class='ocrx_word' id='word_1_292' title='bbox 1095 3841 1360 3930; x_wconf 81' lang='lat' dir='ltr'>reconciliationis,</span> 
     </span>
     <span class='ocr_line' id='line_1_33' title="bbox 149 3934 1362 4020; baseline 0.001 -18"><span class='ocrx_word' id='word_1_293' title='bbox 149 3983 151 3986; x_wconf 91' lang='lat'>-</span> <span class='ocrx_word' id='word_1_294' title='bbox 219 3947 252 4002; x_wconf 91' lang='lat' dir='ltr'>ut</span> <span class='ocrx_word' id='word_1_295' title='bbox 266 3940 414 4020; x_wconf 79' lang='lat' dir='ltr'>legatione</span> <span class='ocrx_word' id='word_1_296' title='bbox 428 3939 583 4018; x_wconf 81' lang='lat' dir='ltr'>fungentes</span> <span class='ocrx_word' id='word_1_297' title='bbox 600 3957 655 4018; x_wconf 95' lang='lat' dir='ltr'>pro</span> <span class='ocrx_word' id='word_1_298' title='bbox 668 3939 798 4017; x_wconf 91' lang='lat' dir='ltr'>Christo,</span> <span class='ocrx_word' id='word_1_299' title='bbox 809 3938 861 4018; x_wconf 91' lang='lat' dir='ltr'>qui</span> <span class='ocrx_word' id='word_1_300' title='bbox 876 3954 936 3998; x_wconf 94' lang='lat' dir='ltr'>non</span> <span class='ocrx_word' id='word_1_301' title='bbox 954 3940 1000 3997; x_wconf 91' lang='lat' dir='ltr'>est</span> <span class='ocrx_word' id='word_1_302' title='bbox 1012 3934 1201 4000; x_wconf 88' lang='lat' dir='ltr'>dissensionis</span> <span class='ocrx_word' id='word_1_303' title='bbox 1210 3940 1362 4018; x_wconf 88' lang='lat' dir='ltr'>Deus,sed</span> 
     </span>
     <span class='ocr_line' id='line_1_34' title="bbox 218 4032 1363 4119; baseline 0.003 -21"><span class='ocrx_word' id='word_1_304' title='bbox 218 4038 311 4118; x_wconf 90' lang='lat' dir='ltr'>pacis,</span> <span class='ocrx_word' id='word_1_305' title='bbox 325 4044 355 4099; x_wconf 89' lang='lat' dir='ltr'>et</span> <span class='ocrx_word' id='word_1_306' title='bbox 365 4035 547 4113; x_wconf 88' lang='lat' dir='ltr'>dilectionis,</span> <span class='ocrx_word' id='word_1_307' title='bbox 562 4035 701 4098; x_wconf 88' lang='lat' dir='ltr'>universo</span> <span class='ocrx_word' id='word_1_308' title='bbox 712 4035 782 4099; x_wconf 88' lang='lat' dir='ltr'>Orbi</span> <span class='ocrx_word' id='word_1_309' title='bbox 795 4052 901 4116; x_wconf 90' lang='lat' dir='ltr'>pacem</span> <span class='ocrx_word' id='word_1_310' title='bbox 920 4032 1147 4114; x_wconf 85' lang='lat' dir='ltr'>annuntiarent,</span> <span class='ocrx_word' id='word_1_311' title='bbox 1162 4043 1193 4096; x_wconf 88' lang='lat' dir='ltr'>et</span> <span class='ocrx_word' id='word_1_312' title='bbox 1207 4034 1245 4096; x_wconf 87' lang='lat' dir='ltr'>ad</span> <span class='ocrx_word' id='word_1_313' title='bbox 1259 4036 1291 4098; x_wconf 95' lang='lat' dir='ltr'>id</span> <span class='ocrx_word' id='word_1_314' title='bbox 1301 4057 1363 4119; x_wconf 90' lang='lat' dir='ltr'>po-</span> 
     </span>
     <span class='ocr_line' id='line_1_35' title="bbox 220 4130 1371 4215; baseline 0.003 -20"><span class='ocrx_word' id='word_1_315' title='bbox 220 4135 368 4197; x_wconf 87' lang='lat' dir='ltr'>tissimum</span> <span class='ocrx_word' id='word_1_316' title='bbox 382 4153 436 4196; x_wconf 92' lang='lat' dir='ltr'>sua</span> <span class='ocrx_word' id='word_1_317' title='bbox 454 4133 552 4195; x_wconf 86' lang='lat' dir='ltr'>studia</span> <span class='ocrx_word' id='word_1_318' title='bbox 568 4131 737 4194; x_wconf 82' lang='lat' dir='ltr'>conferrent</span> <span class='ocrx_word' id='word_1_319' title='bbox 756 4151 792 4194; x_wconf 90' lang='lat' dir='ltr'>ac</span> <span class='ocrx_word' id='word_1_320' title='bbox 805 4132 940 4209; x_wconf 90' lang='lat' dir='ltr'>labores,</span> <span class='ocrx_word' id='word_1_321' title='bbox 951 4137 997 4192; x_wconf 90' lang='lat' dir='ltr'>ut</span> <span class='ocrx_word' id='word_1_322' title='bbox 1013 4149 1117 4192; x_wconf 88' lang='lat' dir='ltr'>omnes</span> <span class='ocrx_word' id='word_1_323' title='bbox 1132 4130 1163 4192; x_wconf 96' lang='lat' dir='ltr'>in</span> <span class='ocrx_word' id='word_1_324' title='bbox 1177 4131 1292 4196; x_wconf 88' lang='lat' dir='ltr'>Christo</span> <span class='ocrx_word' id='word_1_325' title='bbox 1304 4155 1371 4215; x_wconf 58' lang='lat' dir='ltr'>ge„</span> 
     </span>
     <span class='ocr_line' id='line_1_36' title="bbox 218 4227 1376 4312; baseline 0.003 -21"><span class='ocrx_word' id='word_1_326' title='bbox 218 4231 272 4291; x_wconf 91' lang='lat' dir='ltr'>niti</span> <span class='ocrx_word' id='word_1_327' title='bbox 291 4230 408 4292; x_wconf 91' lang='lat' dir='ltr'>solliciti</span> <span class='ocrx_word' id='word_1_328' title='bbox 430 4236 528 4292; x_wconf 88' lang='lat' dir='ltr'>essent</span> <span class='ocrx_word' id='word_1_329' title='bbox 546 4248 663 4292; x_wconf 90' lang='lat' dir='ltr'>servare</span> <span class='ocrx_word' id='word_1_330' title='bbox 686 4231 829 4312; x_wconf 85' lang='lat' dir='ltr'>unitatem</span> <span class='ocrx_word' id='word_1_331' title='bbox 845 4227 965 4308; x_wconf 88' lang='lat' dir='ltr'>spiritus</span> <span class='ocrx_word' id='word_1_332' title='bbox 978 4228 1009 4291; x_wconf 92' lang='lat' dir='ltr'>in</span> <span class='ocrx_word' id='word_1_333' title='bbox 1022 4228 1140 4289; x_wconf 89' lang='lat' dir='ltr'>vinculo</span> <span class='ocrx_word' id='word_1_334' title='bbox 1152 4228 1246 4308; x_wconf 87' lang='lat' dir='ltr'>pacis,</span> <span class='ocrx_word' id='word_1_335' title='bbox 1267 4249 1376 4294; x_wconf 89' lang='lat' dir='ltr'>unum·</span> 
     </span>
     <span class='ocr_line' id='line_1_37' title="bbox 219 4323 1361 4407; baseline 0.001 -21"><span class='ocrx_word' id='word_1_336' title='bbox 219 4345 327 4407; x_wconf 92' lang='lat' dir='ltr'>corpus</span> <span class='ocrx_word' id='word_1_337' title='bbox 339 4332 369 4387; x_wconf 91' lang='lat' dir='ltr'>et</span> <span class='ocrx_word' id='word_1_338' title='bbox 383 4344 461 4387; x_wconf 91' lang='lat' dir='ltr'>unns</span> <span class='ocrx_word' id='word_1_339' title='bbox 481 4325 619 4406; x_wconf 89' lang='lat' dir='ltr'>spiritus,</span> <span class='ocrx_word' id='word_1_340' title='bbox 636 4326 713 4388; x_wconf 89' lang='lat' dir='ltr'>sicut</span> <span class='ocrx_word' id='word_1_341' title='bbox 727 4324 825 4387; x_wconf 87' lang='lat' dir='ltr'>vocati</span> <span class='ocrx_word' id='word_1_342' title='bbox 843 4330 913 4387; x_wconf 91' lang='lat' dir='ltr'>sunt</span> <span class='ocrx_word' id='word_1_343' title='bbox 930 4323 961 4386; x_wconf 92' lang='lat' dir='ltr'>in</span> <span class='ocrx_word' id='word_1_344' title='bbox 976 4342 1036 4386; x_wconf 89' lang='lat' dir='ltr'>una</span> <span class='ocrx_word' id='word_1_345' title='bbox 1051 4342 1104 4405; x_wconf 91' lang='lat' dir='ltr'>spe</span> <span class='ocrx_word' id='word_1_346' title='bbox 1120 4323 1297 4404; x_wconf 87' lang='lat' dir='ltr'>vocationis,</span> <span class='ocrx_word' id='word_1_347' title='bbox 1320 4325 1361 4387; x_wconf 90' lang='lat' dir='ltr'>ad</span> 
     </span>
     <span class='ocr_line' id='line_1_38' title="bbox 218 4421 1358 4504; baseline 0.001 -20"><span class='ocrx_word' id='word_1_348' title='bbox 218 4440 310 4503; x_wconf 91' lang='lat' dir='ltr'>qnam</span> <span class='ocrx_word' id='word_1_349' title='bbox 326 4441 516 4503; x_wconf 89' lang='lat' dir='ltr'>nequaquam</span> <span class='ocrx_word' id='word_1_350' title='bbox 532 4423 720 4504; x_wconf 79' lang='lat' dir='ltr'>pertingitur,</span> <span class='ocrx_word' id='word_1_351' title='bbox 735 4421 872 4502; x_wconf 89' lang='lat' dir='ltr'>utinquit</span> <span class='ocrx_word' id='word_1_352' title='bbox 883 4423 915 4484; x_wconf 89' lang='lat' dir='ltr'>S.</span> <span class='ocrx_word' id='word_1_353' title='bbox 928 4421 1089 4500; x_wconf 83' lang='lat' dir='ltr'>Gregorius</span> <span class='ocrx_word' id='word_1_354' title='bbox 1105 4422 1244 4504; x_wconf 75' lang='lat' dir='ltr'>Magnus,</span> <span class='ocrx_word' id='word_1_355' title='bbox 1260 4423 1358 4499; x_wconf 89' lang='lat' dir='ltr'>sinon</span> 
     </span>
     <span class='ocr_line' id='line_1_39' title="bbox 219 4519 927 4602; baseline 0.001 -22"><span class='ocrx_word' id='word_1_356' title='bbox 219 4519 257 4580; x_wconf 88' lang='lat' dir='ltr'>ad</span> <span class='ocrx_word' id='word_1_357' title='bbox 268 4537 339 4580; x_wconf 86' lang='lat' dir='ltr'>eam·</span> <span class='ocrx_word' id='word_1_358' title='bbox 349 4519 433 4581; x_wconf 91' lang='lat' dir='ltr'>unita</span> <span class='ocrx_word' id='word_1_359' title='bbox 445 4538 515 4582; x_wconf 94' lang='lat' dir='ltr'>cum</span> <span class='ocrx_word' id='word_1_360' title='bbox 527 4520 672 4602; x_wconf 83' lang='lat' dir='ltr'>proximis</span> <span class='ocrx_word' id='word_1_361' title='bbox 681 4526 781 4585; x_wconf 83' lang='lat' dir='ltr'>mente</span> <span class='ocrx_word' id='word_1_362' title='bbox 794 4525 927 4582; x_wconf 89' lang='lat' dir='ltr'>curatur.</span> 
     </span>
     <span class='ocr_line' id='line_1_40' title="bbox 1218 4631 1253 4684; baseline 0 0"><span class='ocrx_word' id='word_1_363' title='bbox 1218 4631 1253 4684; x_wconf 76' lang='lat'>25</span> 
     </span>
    </p>
   </div>
   <div class='ocr_carea' id='block_1_8' title="bbox 0 0 1598 5414">
    <p class='ocr_par' dir='ltr' id='par_1_11' title="bbox 0 0 1598 5414">
     <span class='ocr_line' id='line_1_41' title="bbox 0 0 1598 5414; baseline 0 5"><span class='ocrx_word' id='word_1_364' title='bbox 0 0 1598 5414; x_wconf 95' lang='lat' dir='ltr'> </span> 
     </span>
    </p>
   </div>
  </div>
 </body>
</html>
