3188 5414
474 497 654 552 epistota:
671 496 719 552 ΕΤ
739 495 871 576 natvm
888 495 1124 561 selectione.
1326 503 1376 553 135

227 598 1377 680 votunentuumdellistoriamaioaspertinenter-accepimns;rlooisonim

133 695 135 698 ⁴
226 696 405 759 memoriam
417 697 585 776 macarii,
600 696 794 778 integritatis,
809 703 839 758 et
860 695 1114 771 consentientium
1132 696 1272 776 religioso
1286 699 1377 761 lusti-

226 805 292 860 tuto
310 816 430 861 morum
441 799 627 861 constantia.
641 797 689 860 Ad
703 816 780 879 quas
792 803 860 858 tuas
873 795 978 858 laudes
993 815 1065 858 cum
1083 794 1207 858 accedat
1218 795 1377 876 singularis

225 904 278 958 tua
292 896 321 958 in
338 897 429 959 rebus
449 896 573 960 musicis
595 895 808 976 intelligentia,
822 901 996 977 pergratum
1017 911 1089 956 sane
1104 893 1198 956 Nobis
1212 893 1269 954 lnit
1288 900 1376 955 tuum

224 995 398 1074 hujusmodi
416 1013 544 1074 munus,
562 995 644 1075 quod
666 1002 730 1055 tam
752 993 861 1054 miram
877 992 908 1053 in
928 1010 965 1053 eo
987 1009 1095 1071 genere
1115 991 1224 1071 ingenii
1239 992 1282 1053 tui
1296 992 1374 1067 vim,

223 1093 401 1156 eruditionis
412 1093 532 1175 copiam
549 1091 752 1175 praesefemet,
765 1098 801 1152 et'
812 1097 876 1153 lam
896 1090 1055 1170 praeclaros
1076 1089 1169 1152 Nobis
1183 1108 1289 1152 causas
1311 1090 1374 1166 tui,

223 1211 315 1272 quem
333 1190 526 1254 vehementer
548 1190 701 1270 diligimus
722 1187 954 1260 commendandi
966 1186 1064 1274 daret.
1085 1188 1267 1269 Magnopere
1285 1186 1376 1268 eupi—

223 1309 307 1368 mus,
331 1296 365 1352 ut
377 1290 604 1372 quamprimum
620 1289 743 1372 reliquae
762 1288 871 1374 egregii
893 1287 1028 1368 ejusdem
1044 1287 1144 1367 operis
1161 1292 1262 1368 partes
1283 1287 1376 1347 abso-

223 1387 309 1464 lulae,
330 1407 365 1449 ac
383 1387 523 1470 perfeotae
535 1382 566 1448 in
583 1381 685 1448 lucem
696 1383 862 1467 prodeant,
876 1400 937 1466 qno
956 1397 1026 1445 cum
1044 1378 1188 1463 'singulari
1206 1390 1266 1445 tuae
1278 1384 1375 1446 laudis

224 1484 397 1566 accessione·
405 1484 533 1548 clariora
548 1486 589 1546 'ac
602 1484 805 1566 perspectiora
823 1483 882 1544 sint
893 1482 1033 1544 omnibus
1049 1480 1134 1542 initia
1148 1500 1184 1543 ac
1200 1501 1375 1561 progressus

213 1575 410 1647 ⁸suavissimae
419 1584 501 1663 artis,
514 1584 704 1647 celebrandis
709 1584 803 1646 ctiam
816 1583 987 1645 divinarum
999 1599 1101 1643 rerum
1112 1580 1262 1661 Mysteriis
1272 1581 1310 1641 ab
1320 1583 1375 1643 Eo-

222 1681 314 1744 clesia
330 1682 736 1746 ritnconsatnata.1temum
751 1685 887 1743 nostram
901 1687 1039 1743 veterem
1050 1694 1123 1758 arga
1142 1684 1173 1740 ta
1192 1678 1374 1741 benevolen-

222 1780 297 1841 tiam
310 1773 627 1858 eamdamosae‘s'cito,
640 1781 952 1860 qnalamsaopauntea
964 1775 1268 1857 perspexisti,neque
1280 1776 1373 1856 ipsius

223 1875 339 1937 tructus
348 1919 357 1954 ‚
372 1876 397 1938 si
414 1877 525 1957 quibus
536 1894 615 1958 opus
627 1877 704 1953 a'rit,
715 1878 885 1939 luculentos
897 1881 987 1955 atque
998 1875 1107 1936 uberes
1128 1872 1182 1935 tibi
1199 1892 1334 1954 unquam
1356 1895 1374 1935 a

223 1973 317 2035 Nobis
333 1988 400 2037 essa
413 1973 579 2036 defuturos.
595 1971 739 2036 Dabimus
756 1979 836 2035 certe
851 1988 996 2054 operam,
1007 1977 1048 2033 ‘ut
1060 1977 1221 2052 paternum
1239 1971 1373 2032 animum

222 2074 360 2132 noatnrm
370 2085 443 2151 erga
459 2079 491 2134 ta
509 2071 779 2153 propensissimum
791 2080 909 2156 semper
922 2068 1078 2148 intelligas
1100 2069 1144 2131 Aa
1162 2068 1193 2128 in
1213 2069 1303 2146 hujus
1317 2088 1374 2130 vo-

221 2167 345 2229 luntatis
362 2168 470 2248 pignus
485 2168 682 2249 apostolicam
695 2166 935 2230 benedictiorem
946 2165 1015 2242 tibi,
1030 2165 1139 2228 dimota
1150 2165 1205 2243 srli,
1216 2161 1373 2246 peraman-

221 2271 267 2327 ter
280 2257 480 2347 impertimur.
496 2263 612 2329 Datum
621 2270 732 2338 Romo,
743 2275 813 2339 cta,
825 2267 875 2326 alic
888 2266 1069 2341 {ajanuarii
1083 2274 1151 2336 ιηι
1161 2307 1170 2339 ,
1177 2266 1373 2342 pontificatus

219 2367 316 2424 nasot
328 2377 412 2426 anno
424 2359 563 2427 mado.
632 2384 635 2392 ’
878 2380 880 2387 “
1192 2383 1194 2388 ·

702 2466 890 2482 -ϋ-Ᾰ--ι--κ-ιν

458 2743 676 2785 nlnncrlsslalo
699 2743 733 2784 IN
757 2741 888 2783 cnutsuo
911 2741 992 2782 ultro
1017 2740 1137 2781 NOSTRO
1210 2775 1213 2778 ,

552 2848 822 2911 ΜΑΧΙΜΙΜΑΝΟ
840 2848 1009 2911 JOSEPllo
1020 2880 1036 2918 ,=

359 2968 450 3019 uuor
471 2971 648 3033 nnvnnrn,
669 2970 698 3020 a.
724 2970 758 3020 n.
781 2970 805 3019 r.
831 2968 1001 3019 nnrnorrr
1025 2966 1230 3040 annornm,

527 3072 762 3157 annnam
790 3073 924 3172 rara.
947 3072 1054 3155 xiv,
1118 3175 1122 3181 ³

871 3262 876 3277 2
962 3237 1061 3294 Roman,
1077 3237 1105 3282 19
1119 3232 1222 3292 januarii
1241 3237 1306 3282 1771.
1339 3266 1341 3273 -

259 3341 472 3420 Dilectissimo,
488 3351 546 3405 etc.
562 3346 633 3418 Qnae
642 3349 776 3405 vertente
792 3362 871 3405 anno
885 3362 1014 3405 renovas
1028 3362 1083 3424 pro
1095 3341 1187 3403 Nobis
1199 3348 1285 3418 vota,
1297 3342 1370 3404 filia·

217 3436 275 3497 lem
301 3456 337 3499 ea
356 3440 489 3502 animum
512 3447 618 3518 tuum,
637 3441 790 3522 nostrique
808 3443 1031 3523 perstudiosum
1051 3440 1255 3522 praeseferunt.
1273 3443 1368 3514 Quam

217 3537 279 3595 Nos
292 3536 466 3614 hujusmodi
480 3539 666 3600 voluntatem
681 3557 717 3600 ex
729 3546 833 3600 nostra
850 3540 943 3600 etiam
953 3540 1155 3614 aestimamus,
1174 3557 1235 3618 qua
1255 3557 1327 3616 erga
1340 3544 1369 3599 te

219 3650 339 3709 sumus,
354 3636 509 3715 Deumque
527 3635 680 3716 Optimum
694 3634 858 3697 Maximum
872 3651 1049 3717 precamur,
1065 3643 1099 3695 ut
1112 3653 1189 3695 verae
1209 3633 1368 3715 solidaque

218 3729 366 3793 felicitatis
389 3731 565 3795 muneribus
579 3739 610 3795 ta
629 3749 749 3815 semper
761 3739 888 3813 augeat,
908 3733 1019 3813 detque
1032 3732 1114 3794 illam
1132 3745 1228 3812 quam
1239 3748 1370 3811 magno-

218 3847 289 3908 pere
306 3836 449 3910 enoptare
467 3837 497 3891 te
511 3831 633 3909 scribis,
646 3847 765 3914 (piaque
783 3831 856 3895 nihil
874 3829 1071 3912 prestabilius
1085 3849 1150 3891 esse
1162 3836 1278 3910 potest,
1301 3848 1369 3890 am·
1488 3916 1489 3919 Ἴ

217 3927 382 4006 piissimam
401 3929 545 4009 consequi
568 3930 599 3990 in
617 3929 830 4010 promovendis
852 3927 1011 4010 Religionis
1028 3927 1229 4009 Ecclesiaeqne
1248 3927 1369 3988 nniver-

218 4024 286 4086 salis
301 4024 468 4087 commodis
482 4025 608 4106 gloriam
616 4049 624 4102 3
640 4033 675 4088 nt
691 4027 721 4088 in
735 4027 794 4089 hac
812 4021 924 4088 scilicet
935 4025 1054 4105 egregia
1068 4026 1164 4087 laudis
1177 4023 1368 4086 contentione
1415 4098 1419 4105 p

217 4138 278 4181 non
298 4121 395 4183 solum
408 4112 560 4200 Maiomm
581 4128 704 4184 tuorum
717 4123 865 4185 aemuleris
885 4122 1042 4200 virtutem,
1059 4124 1112 4185 sed
1131 4123 1243 4183 vincas.
1269 4124 1366 4204 Atque

217 4216 287 4278 hine
303 4217 406 4279 itidem
420 4218 474 4281 tibi
489 4220 620 4283 manime
630 4221 703 4283 illud
714 4229 744 4283 et
757 4221 920 4284 certissime
934 4228 1073 4284 constare
1087 4221 1178 4282 debet
1188 4232 1367 4300 ,‘eam','qua

218 4323 247 4376 te
261 4314 498 4396 complectimur,
511 4323 668 4398 paternam
686 4318 843 4380 caritatem
863 4318 1050 4392 uberiorem,
1068 4337 1161 4398 quum
1174 4316 1212 4379 sit
1225 4316 1366 4381 inNolris

217 4411 505 4493 crrrnulatioromquu
519 4430 584 4498 esse
603 4429 664 4477 non
678 4431 776 4496 posse.
793 4412 826 4475 ln
844 4416 929 4493 cnjus
941 4416 1102 4477 voluntatis
1118 4415 1224 4495 pignus
1241 4425 1366 4497 opo'sto-

198 4588 199 4591 *
220 4509 306 4571 liram
322 4509 560 4574 benedictionem
579 4514 651 4591 tilii,
675 4513 865 4575 dilectissime
883 4511 913 4574 in
930 4513 1051 4574 Christo
1064 4513 1106 4573 tili
1119 4519 1232 4591 nostor,
1247 4521 1365 4594 ltneque
