3188 5414
234 527 284 577 tus
661 515 868 572 cauliculus
887 512 953 569 xlv

230 625 374 700 tionibus,
392 623 421 683 in
436 622 545 702 quibus
560 634 645 682 sacra
660 621 839 682 adhibentur
851 621 1043 699 paramenta,
1056 620 1120 676 tam
1138 613 1167 674 in
1180 612 1264 674 dicta
1275 613 1382 674 cathe-

228 722 322 799 drali,
338 739 430 801 quarn
442 721 472 780 in
491 718 556 781 aliis
568 718 703 797 ejusdem
718 717 846 780 civitatis
865 723 896 778 et
914 714 1129 778 suburbiorum
1143 713 1210 792 ejus
1226 712 1381 786 eeclesiis,

229 818 383 898 inquibus
399 816 437 878 ad
456 834 544 878 sacra
563 815 735 877 solemniter
748 813 919 896 peragenda
938 819 1002 875 tam
1018 811 1179 894 episcopus
1191 827 1287 890 quam
1301 809 1383 890 eapi-

227 916 325 977 tulum
337 913 529 994 collegialiter
540 912 681 975 accedere
690 914 915 990 consueverint,
927 912 975 974 vel
988 911 1020 973 in
1033 911 1169 973 futurum
1179 907 1381 988 contingeret,

227 1011 315 1073 Mitra
334 1010 463 1092 simplici
487 1028 524 1072 ex
538 1010 599 1071 tela
623 1010 702 1072 linea
720 1011 751 1088 (:
772 1017 916 1092 prasente
940 1010 1032 1071 etiam
1050 1010 1082 1071 S.
1104 1010 1142 1070 ll.
1159 1009 1195 1068 E.
1212 1005 1380 1082 cardinali,

227 1113 256 1167 et
277 1107 316 1168 de
338 1107 447 1184 latere,
462 1123 518 1167 nec
530 1122 592 1167 uon
607 1104 768 1167 Provincia
782 1105 987 1168 Romandiola
1006 1109 1118 1186 legato
1130 1104 1162 1183 z)
1181 1103 1225 1166 uti
1243 1103 1381 1165 liberast

226 1205 305 1267 licite
322 1205 443 1287 possitis
463 1211 495 1266 et
510 1203 654 1282 veleatis,
674 1206 852 1269 auctoritate
867 1207 1031 1288 apostolica
1053 1212 1159 1267 tenore
1183 1203 1379 1284 prasentimn

226 1310 372 1386 perpetuo
387 1301 583 1366 concedimus
594 1310 625 1365 et
634 1301 834 1383 indulgemus.
854 1304 979 1379 Quodsi
995 1304 1156 1386 episcopus
1167 1303 1200 1364 in
1210 1301 1380 1365 enunciatis

225 1400 452 1479 festivitatibus,
469 1419 505 1462 ae
522 1401 690 1481 respective
707 1401 812 1464 diebus
825 1403 934 1465 absens
951 1402 1060 1479 fuerit,
1074 1403 1123 1464 vel
1133 1399 1378 1483 presensponti

224 1499 350 1562 ficaliter
367 1514 429 1561 non
450 1496 597 1576 celebret,
616 1498 693 1561 sicut
706 1501 797 1562 etiam
811 1509 842 1564 et
858 1500 1102 1582 processionibus
1121 1498 1300 1561 litaniarum
1312 1503 1378 1560 tuan

90 1575 103 1606 ⁸
225 1597 376 1675 maiorum
395 1602 462 1657 tum
477 1594 652 1673 minorum,
674 1615 749 1677 quas
774 1597 855 1659 idem
880 1597 1040 1679 episcopus
1062 1614 1117 1678 per
1136 1614 1168 1657 se
1190 1595 1293 1676 ipsum
1314 1613 1376 1658 uon

224 1691 1211 1775 peragit,DignitatiseuGauonicotautumhujusmodifunctiones
1219 1698 1374 1772 peragent,

223 1799 257 1854 nt
269 1791 445 1853 indumenta
457 1789 642 1872 pontificalia
655 1791 748 1853 sacris
761 1790 929 1855 actionibus
942 1790 1126 1873 respective,
1140 1788 1373 1865 eonvenieutia,

223 1907 331 1971 nempe
355 1889 477 1951 mitram
500 1887 666 1969 simplicem
690 1907 727 1950 ex
746 1891 806 1951 tela
828 1908 920 1952 aurea
941 1889 1063 1952 absente
1077 1888 1238 1968 episcopm
1265 1906 1301 1948 ex
1316 1888 1374 1949 tela

224 2006 293 2050 vero
306 1987 386 2050 lin'ea
399 1992 545 2070 presente
566 1986 722 2068 episcopo,
739 1987 786 2048 vel
801 1988 831 2048 S.
846 1989 883 2049 R.
900 1990 935 2048 Ε.
951 1986 1119 2064 cardinali3
1134 2001 1260 2046 crucem
1274 1991 1374 2065 pecto

222 2086 320 2148 ralem
334 2085 396 2149 sine
407 2085 546 2166 gemmis,
562 2086 707 2147 annulum
726 2103 796 2147 cum
809 2085 900 2147 unica
912 2102 1052 2165 gmnma,
1067 2081 1205 2144 sandalia
1219 2089 1251 2143 et
1264 2081 1373 2161 caligae

224 2201 259 2244 ex
289 2183 459 2245 holoserico
466 2208 475 2260 3
506 2181 712 2259 chirothecam
741 2181 915 2244 tunicellam
938 2187 969 2243 et
990 2180 1205 2258 dalmaticam,
1228 2198 1287 2242 nec
1315 2198 1374 2242 uon

221 2278 422 2342 faldistorium
440 2279 573 2361 ligneum
588 2278 757 2343 holoserico
776 2282 923 2345 currentis
933 2280 1059 2360 coloris,
1071 2299 1134 2344 non
1146 2287 1249 2342 autem
1263 2300 1301 2343 ex
1316 2283 1373 2344 tela

227 2396 319 2440 aurea
333 2377 380 2441 vel
390 2384 530 2458 argentea
543 2386 732 2459 coopertum,
747 2385 778 2442 et
789 2380 961 2442 ministrum
982 2380 1020 2442 de
1033 2378 1160 2442 candela
1180 2397 1235 2441 seu
1254 2380 1375 2460 palma-

223 2474 301 2536 toria
311 2474 522 2536 inservientem
534 2474 647 2537 habere
657 2475 739 2538 licite
753 2482 783 2538 et
794 2476 887 2538 libere
898 2477 994 2558 possit
1007 2483 1038 2542 et
1049 2477 1149 2539 valeat
1160 2482 1288 2555 ,tenore
1296 2496 1374 2558 pre·

226 2571 355 2634 sentium
380 2571 573 2636 concedimus
587 2580 618 2635 et
638 2572 845 2652 indulgemus3
870 2573 983 2636 caetens
1006 2572 1159 2636 canonicis
1183 2592 1243 2635 usu
1259 2574 1373 2651 mitra,

221 2667 473 2752 quotiescumque
485 2667 645 2752 episcopus
655 2669 867 2749 pontificaliter
882 2689 938 2752 per
953 2671 1089 2752 seipsum
1099 2689 1162 2733 non
1180 2672 1330 2751 celebret,
1343 2682 1373 2734 et

198 2829 202 2837 ,
220 2767 312 2828 Sacra
333 2767 516 2827 Paramenta
530 2763 569 2826 ab
588 2763 660 2846 ipsis
674 2764 785 2826 assumi
809 2784 871 2828 non
893 2764 1042 2845 debeant,
1061 2767 1185 2849 penitus
1198 2768 1373 2832 interdicto.

218 2862 364 2924 Praeterea
370 2859 542 2941 contingere
553 2876 624 2923 cum
635 2860 730 2943 possit
736 2907 745 2940 ,
756 2868 791 2925 ut
798 2862 909 2926 festum
918 2863 1040 2945 aliquod
1046 2865 1126 2927 ultra
1132 2883 1225 2946 supra
1233 2884 1375 2948 expressa

221 2960 252 3022 iu
266 2959 447 3037 cathedrali,
469 2961 515 3021 vel
530 2959 562 3021 in
575 2958 640 3022 aliis
657 2957 793 3039 ejusdem
810 2961 939 3025 aiebatis
951 2969 982 3025 ct
996 2963 1376 3041 suburbiorum‘ecclesiis,

222 3054 375 3138 inquibus
397 3058 445 3119 vel
457 3064 603 3138 presente
621 3058 670 3119 vel
694 3057 818 3122 absente
836 3061 979 3143 episcopo
996 3061 1164 3142 capitulum
1178 3061 1377 3142 collegialiter

218 3154 376 3216 conveniat
396 3161 569 3235 peragatur,
590 3153 735 3234 Dignitati
759 3174 813 3218 sen
833 3157 986 3220 Canonico
1007 3157 1037 3219 in
1058 3157 1150 3220 ltlissa
1170 3165 1202 3220 et
1223 3160 1375 3240 vesperis,

221 3250 282 3311 sive
296 3250 388 3312 etiam
407 3249 651 3332 processionibus
664 3251 843 3315 celebrantis
865 3273 976 3317 munus
991 3254 1122 3335 explenti
1147 3255 1263 3336 pariter
1274 3254 1374 3319 indul

219 3365 336 3427 gemus,
351 3353 385 3408 ut
396 3345 497 3424 mitra,
512 3353 542 3408 et
557 3347 720 3428 respective
731 3348 977 3414 convenientibus
990 3350 1174 3431 indumentis
1187 3351 1375 3433 pontificali—

219 3445 276 3507 bus
292 3463 383 3526 supra
395 3443 561 3507 enunciatis
573 3444 617 3506 uti
630 3445 742 3526 possit,
758 3447 925 3511 dummodo
943 3448 1096 3511 licentiam
1111 3447 1239 3529 singulis
1253 3449 1375 3512 vicibus

159 3583 160 3586 =
219 3544 418 3627 abepiscopo
440 3543 616 3607 obtinuerit.
640 3546 674 3607 ln
695 3532 836 3629 Exequiis
856 3567 927 3610 vero
946 3547 1180 3626 Defunctorum,
1207 3547 1239 3610 in
1262 3549 1376 3631 quibos

214 3641 301 3721 justa
313 3641 494 3724 pontificalis
510 3642 637 3705 Romani
648 3645 729 3706 Part.
742 3647 794 3724 lll,
807 3646 867 3707 Tit.
883 3648 926 3707 De
935 3644 1052 3724 officio,
1065 3643 1149 3726 quod
1161 3650 1234 3725 post
1248 3645 1376 3734 Missam

217 3730 384 3804 solemnem
398 3759 454 3822 pro
465 3739 618 3805 Defunctis
635 3741 731 3823 agitur
752 3749 783 3807 et
799 3741 1017 3806 ceremonialia
1035 3740 1250 3824 episcoporum
1261 3744 1321 3806 lib.
1336 3744 1377 3822 ll,

216 3860 285 3924 cap,
302 3861 338 3920 11,
363 3839 590 3922 dispositionem
611 3842 792 3906 conveniens
809 3849 872 3921 est,
888 3851 921 3904 ut
940 3843 1016 3905 fiant
1031 3841 1236 3904 absolutiones
1254 3847 1325 3904 tam
1337 3843 1379 3904 ab

217 3937 282 4019 ipso
296 3937 439 4020 episcopo
452 3939 634 4018 celebrante,
647 3957 739 4021 quam
761 3940 801 4002 ab
813 3939 878 4002 aliis
888 3946 1019 4022 quatuor
1030 3939 1180 4021 episcopis
1199 3938 1250 4002 vel
1261 3942 1377 4022 pralnss

216 4033 291 4097 tissi
304 4034 421 4113 adsint,
436 4035 483 4096 vel
497 4034 528 4096 in
542 4035 694 4099 (lebetum
712 4035 924 4118 episcoporum
940 4044 1103 4118 aquatum
1114 4037 1221 4119 primis
1234 4037 1375 4117 Dignita-

217 4130 297 4194 tibus
308 4134 356 4195 vel
370 4130 538 4210 canonicis,
557 4140 592 4194 ut
603 4134 778 4214 huiusmodi
792 4142 924 4217 quatuor
941 4135 1003 4198 sive
1018 4135 1185 4216 Dignitates
1201 4134 1265 4198 sive
1275 4153 1379 4201 cano-

218 4228 276 4292 uici
299 4232 487 4294 absolventes
511 4231 541 4293 in
566 4239 636 4295 actu
657 4241 777 4298 tantum
805 4234 1029 4298 absolutionum
1051 4231 1264 4315 predictarum
1281 4235 1377 4298 mitre
1408 4303 1412 4310 ,

218 4324 305 4416 simili
317 4329 360 4391 uti
373 4329 514 4410 possint,
528 4328 705 4394 facultatem
729 4332 891 4394 tribuimus
907 4339 938 4394 et
957 4331 1159 4415 impertimur.
1188 4331 1378 4395 lnbaerentes

194 4429 321 4508 ‚autem
350 4444 504 4488 sacrorum
528 4425 652 4489 Rituum
671 4428 909 4510 congregationis
921 4431 1051 4491 llecreto
1067 4427 1116 4490 die
1131 4447 1211 4489 xxrx
1230 4430 1375 4491 ianuarii

220 4539 297 4582 anno
311 4540 427 4584 uocem
440 4522 520 4586 edito
532 4569 540 4601 ,
553 4529 583 4585 et
598 4544 669 4586 asa.
679 4542 739 4587 me.
754 4526 999 4605 BenedictoXlV,
1015 4525 1233 4608 predecessore
1249 4534 1374 4607 nostro,
