3188 5414
468 499 647 554 nrrsronn
666 499 711 553 nr
730 500 860 553 enarra
874 499 1109 570 ,senncnona
1298 475 1356 558 'aar

219 605 258 667 ad
278 607 372 665 Deum
394 603 654 683 deprecationibus
675 605 792 665 assidue
815 604 994 680 contendas,
1011 611 1043 664 ut
1061 605 1090 664 in
1111 604 1238 685 populos
1256 626 1359 667 omnes

218 702 332 782 optima
344 719 414 760 cum
426 701 584 778 sentiendi,
598 709 663 763 tum
674 703 779 782 agendi
794 703 952 766 inducatur
959 703 1053 779 ratio,
1068 709 1100 762 ut
1114 704 1212 764 cuncti
1228 704 1257 764 in
1269 725 1360 767 norun

219 795 327 871 fidem,
349 814 472 876 queque
486 816 523 858 ex
545 797 603 859 side
624 805 669 883 est
683 799 826 879 pietatem
846 800 1048 876 consentiant,
1065 805 1098 861 ut
1115 806 1272 880 pastorum
1291 821 1361 880 erga

217 895 394 957 commissas
414 896 470 956 sibi
485 916 555 958 oves
578 897 687 976 ubique
708 903 824 957 constet
845 897 943 972 zelus,
960 895 1118 975 sedulitas,
1137 916 1172 958 ac
1193 897 1359 976 vigilantia,

218 1011 288 1053 oves
300 992 368 1072 ipsae
384 993 510 1055 invicem
527 993 697 1075 pastoribus
710 995 770 1054 suis
783 994 1011 1073 morigerae'sint
1018 1040 1026 1070 ,
1042 994 1136 1074 iisque
1148 993 1282 1056 debitum
1294 997 1361 1056 eul-

218 1097 284 1150 tum
296 1109 331 1151 ac
352 1091 552 1152 obedientiam
564 1091 711 1153 delerant.
727 1093 761 1151 ln
772 1091 944 1170 hujusmodi
962 1091 1101 1171 precibus
1115 1092 1173 1152 tuis
1193 1092 1267 1153 certi
1286 1111 1360 1172 pro-

194 1209 196 1212 ·
218 1187 296 1250 tecto
316 1207 421 1251 sumus
434 1191 598 1270 plurimum
621 1191 731 1250 habere
745 1192 806 1251 Nos
819 1192 1067 1269 locum,proque
1087 1188 1262 1268 gravissimo
1280 1190 1361 1269 quod

217 1287 349 1365 gerimus
361 1306 485 1349 munere
504 1289 589 1368 paria
606 1288 699 1350 Nobis
716 1288 840 1349 caelestis
853 1289 955 1366 gratiae
973 1287 1127 1367 implorari
1146 1287 1279 1347 subsidia
1294 1306 1362 1348 nos-

218 1391 356 1463 tramque
376 1385 611 1448 imbecillitatem
631 1403 687 1465 pro
709 1385 784 1456 virili
808 1391 860 1446 tua
883 1392 968 1465 parte
988 1380 1134 1462 adjurari⁴
1159 1386 1219 1445 Nos
1239 1385 1361 1464 quidem

218 1490 365 1561 quantum
375 1483 493 1559 labore,
508 1482 645 1561 consilio,
662 1481 840 1545 auctoritate
850 1483 984 1544 valemus
994 1527 1002 1560 ,
1013 1479 1195 1542 connitimur
1209 1482 1360 1562 profecto,

219 1586 252 1639 ut
266 1579 429 1641 incolumes
441 1580 487 1640 vel
502 1580 694 1656 retineamus,
708 1581 752 1642 vel
762 1580 979 1642 constituamus
988 1579 1107 1645 credite
1118 1579 1211 1640 Nobis
1223 1581 1362 1641 Ecclesiae

218 1679 361 1740 rationes.
377 1678 434 1738 Sed
448 1678 520 1759 quid
537 1680 567 1739 in
585 1678 759 1741 infirmitate
772 1683 875 1739 nostra
889 1680 1067 1757 possumus?
1081 1678 1247 1756 poterimus
1260 1682 1361 1737 tamen

218 1774 321 1834 omnia
336 1774 429 1850 ineo,
446 1793 537 1854 aquo
549 1774 711 1835 confortari
725 1772 920 1849 confidimus,
939 1771 977 1832 ad
995 1790 1086 1852 quem
1101 1772 1249 1851 supplices
1260 1773 1363 1834 conlu-

217 1870 333 1947 gimus,
348 1889 439 1950 quem
453 1873 538 1933 enixe
547 1871 727 1951 flagitamus,
741 1879 775 1933 ut
786 1871 903 1932 sedium
917 1887 1040 1936 suarum
1054 1868 1232 1937 assistricem
1243 1869 1293 1930 det
1304 1871 1363 1930 No-

219 1967 266 2028 bis
275 1966 468 2046 sapientiam,
478 1985 543 2048 quae
552 1968 768 2044 Nobiscumsit,
782 1985 817 2028 ac
823 1965 986 2027 Nobiscum
994 1964 1120 2026 laboret.
1135 1966 1209 2024 Cum
1219 1971 1249 2025 te
1261 1965 1362 2045 itaque

217 2078 338 2124 summo
349 2063 380 2123 in
393 2064 454 2125 Nos
466 2064 564 2125 stadio
573 2082 637 2125 esse
648 2063 813 2142 videamus,
822 2061 1025 2124 incredibilem
1036 2061 1066 2121 in
1076 2060 1201 2121 modum
1214 2061 1361 2139 letamur,

218 2166 248 2219 et
259 2164 362 2221 nostra
373 2159 462 2220 simul
476 2166 506 2220 et
520 2166 574 2221 tua
586 2177 677 2221 causa
687 2159 761 2220 dum
772 2167 806 2220 tu
816 2159 896 2220 enim
906 2156 1038 2238 egregias
1051 2162 1174 2236 prestas
1189 2155 1221 2216 in
1234 2157 1295 2216 Nos
1310 2156 1362 2216 filii

219 2261 335 2332 partes,
348 2254 496 2334 proficere
513 2256 574 2316 Nos
587 2254 656 2316 iude
667 2255 799 2316 maxime
812 2255 842 2315 in
857 2271 976 2316 summa
987 2253 1045 2313 hac
1058 2251 1301 2332 gravissimarum
1313 2268 1363 2311 re-

218 2367 286 2411 rum
299 2352 512 2430 procuratione
521 2370 690 2432 speramus.
706 2353 790 2426 Quod
802 2352 906 2413 scribis
918 2351 955 2413 de
969 2350 1282 2431 egregia-Venerabilis
1293 2351 1364 2410 Fra·

219 2448 272 2512 tris
283 2450 436 2512 Veuceslai
456 2449 680 2530 Arcbiepiscopi
691 2449 877 2510 Trevirensis
890 2448 1014 2526 virtute,
1026 2449 1091 2527 Jam
1105 2447 1223 2527 pridem
1236 2464 1272 2509 ex
1291 2465 1363 2526 per-

219 2552 322 2624 specta
337 2545 430 2607 Nobis
443 2546 521 2613 itlius
533 2546 632 2607 indole
654 2546 847 2626 agnovimus,
861 2545 950 2625 quale
966 2544 996 2604 in
1015 2562 1051 2605 eo
1072 2545 1213 2605 columen
1225 2543 1363 2604 Ecclesia

217 2639 351 2702 futurum
359 2650 456 2715 asset,
468 2661 504 2704 ac
514 2660 596 2704 nuno
604 2642 751 2723 plurimas
761 2641 914 2704 molestias
927 2647 1044 2702 nostras
1053 2639 1272 2718 jucundissima
1286 2636 1364 2698 illius

217 2740 352 2819 pietatis,
371 2759 407 2802 ac
421 2741 586 2819 omnigenae
605 2739 703 2801 laudis
725 2738 905 2818 cogitatione
922 2754 1093 2817 pensamus.
1116 2735 1202 2810 Quod
1213 2736 1363 2814 reliquum

217 2843 278 2912 est,
302 2836 410 2898 dilecte
423 2837 466 2897 iili
485 2836 594 2899 nobilis
614 2837 659 2897 vir
682 2859 689 2895 ε
711 2835 904 2896 vehomenter
920 2833 1058 2912 cupimus
1071 2834 1173 2893 locum
1190 2821 1283 2891 Nobis
1298 2829 1363 2890 dari

217 2951 368 2994 summam
383 2934 437 2994 tibi
453 2933 691 2995 benevolentiam
710 2939 846 2992 nostram
865 2930 964 3010 reipsa
979 2927 1212 3008 comprobandi,
1236 2938 1363 3006 eamque

217 3030 542 3108 paternamcaritatem
561 3047 622 3109 qua
640 3035 670 3090 te
683 3028 714 3090 in
732 3028 859 3088 Domino
873 3026 1114 3106 complectimur,
1127 3025 1241 3106 tibique
1261 3042 1363 3085 veram

218 3130 311 3188 aneo
327 3126 501 3190 felicitatem
517 3145 639 3189 omnem
655 3126 875 3206 celestiumque
893 3142 1053 3185 munerum
1075 3123 1233 3184 cumulum
1254 3139 1363 3201 preca-

217 3241 296 3300 mur,
309 3231 400 3304 atque
410 3224 441 3285 in
451 3224 540 3302 huJ‘us
550 3222 665 3285 eximie
674 3229 781 3284 nostre
790 3222 820 3282 iu
830 3228 860 3282 te
871 3220 1032 3283 voluntatis
1046 3219 1154 3300 pignus
1167 3215 1362 3301 apostolicam

217 3321 455 3384 benedictionem
471 3321 543 3399 tibi,
564 3321 670 3382 dilecte
691 3320 732 3380 lili
751 3319 862 3381 nobilis
882 3319 939 3397 vir,
954 3317 1155 3398 universaeque
1167 3316 1362 3379 familiaetuae

217 3425 408 3496 perarnanter
417 3418 615 3500 impertimur.
630 3421 744 3480 norom
756 3419 869 3492 Rome,
879 3417 962 3496 apud
971 3417 1114 3478 Scortum
1123 3417 1251 3497 Mariam
1263 3417 1362 3491 Majo-

217 3533 292 3589 rem,
305 3516 488 3578 subdooalo
503 3519 680 3586 Piscatoris,
692 3518 741 3578 dle
757 3526 794 3575 ro
805 3517 949 3592 junuarii
965 3525 1038 3576 1774
1048 3560 1056 3592 ,
1067 3516 1362 3593 pontificatasaostrr'

220 3629 302 3672 oeno
315 3616 429 3690 quieto.
