3188 5414
332 503 363 551 lb
761 494 963 550 CLEMENTlS
981 495 1048 550 XlV

270 632 274 641 «
328 602 514 682 pontificiam
534 601 572 662 ad
585 602 645 662 Nos
658 599 790 661 deletam
800 598 985 678 'dignitatem
1001 600 1202 662 cumulatiora
1217 600 1340 661 luerunt
1355 600 1420 676 ejus
1438 601 1476 661 li-

328 698 396 760 belli
410 695 597 774 accessione,
616 697 755 779 quemde
765 699 858 760 veteri
873 703 904 763 et
920 716 999 762 novo
1009 698 1107 760 forma
1121 699 1273 780 pontilicis
1291 699 1409 760 romani
1420 699 1478 760 oli-

327 795 415 875 gendi
436 814 454 857 a
468 801 497 858 te
515 797 588 857 olim
609 795 811 877 perscriptum
825 800 914 862 tertio
926 815 1033 879 nuper,
1054 815 1125 858 cum
1139 797 1168 858 in
1183 795 1312 858 comitiis
1331 809 1476 872 essemus,

327 892 461 971 edidisti,
476 894 510 956 Id
528 894 615 965 nobis
633 900 795 974 utrumque
810 893 867 957 fuit
878 893 1151 976 jucundissimum
1174 895 1308 976 primum
1321 894 1401 956 enim
1414 914 1478 975 prae
1547 958 1549 967 ,

327 1006 358 1050 se
373 987 431 1049 fert
443 988 577 1051 animum
589 996 676 1051 tuum
687 989 834 1070 obsequii,
848 991 917 1054 fidei
926 998 964 1054 et
978 991 1176 1053 observantiae
1186 1010 1257 1072 erga
1266 993 1328 1053 Nos
1339 1009 1374 1052 ac
1385 1011 1478 1073 apos-

327 1085 450 1147 tolicam
464 1086 542 1148 banc
554 1087 657 1153 sedem
668 1087 888 1168 plenissimum,
904 1091 1032 1152 altarum
1050 1088 1184 1151 deolarat
1193 1088 1292 1150 studia
1303 1095 1393 1176 atque
1404 1106 1477 1149 eru-

327 1181 473 1245 ditionem
489 1189 574 1246 tuam
589 1201 695 1245 earum
715 1185 880 1266 praesertim
895 1205 1013 1263 rerum,
1024 1204 1093 1267 quae
1114 1185 1153 1247 ad
1167 1187 1229 1248 Nos
1249 1185 1476 1266 quodammodo

327 1281 367 1342 ob
383 1281 480 1362 ipsam
501 1281 581 1342 banc
595 1281 638 1343 rei
652 1287 683 1343 et
704 1283 849 1364 temporis
867 1281 1126 1366 opportunitatem
1146 1282 1327 1345 referuntur.
1348 1282 1476 1345 Proinde

328 1384 430 1439 nostra
447 1377 576 1439 invicem
596 1378 650 1439 tibi
668 1386 794 1461 paterna
812 1381 1021 1445 benevolentia
1039 1380 1255 1462 respondentes
1271 1380 1429 1459 eamdem,
1451 1383 1477 1442 si

327 1475 399 1555 quid
421 1492 439 1534 a
459 1475 551 1537 Nobis
572 1494 647 1556 opus
677 1477 751 1556 erit,
776 1486 887 1558 praesto
911 1478 965 1541 tibi
989 1474 1263 1561 semper'l'uturam
1285 1479 1473 1560 pollicemur.

328 1574 465 1651 Interim,
480 1580 515 1635 ut
539 1580 568 1636 te
582 1579 686 1637 nostro
706 1575 943 1638 desideriorum
959 1583 1130 1639 ceterorum
1153 1575 1288 1640 ridellum
1311 1578 1389 1638 votis
1409 1585 1477 1639 tuas

327 1671 421 1733 etiam
434 1672 473 1734 ad
495 1674 591 1743 Deum
608 1673 724 1754 optimo
742 1674 876 1736 maximo
893 1692 950 1756 pro
963 1681 1068 1736 nostra
1088 1676 1252 1738 munienda
1269 1675 1476 1737 imbecillitate

323 1768 646 1862 ,precesconjuugendi
660 1768 832 1831 satisfacere
842 1787 904 1830 uon
923 1769 1115 1847 dubitamus,
1129 1772 1172 1833 lta
1186 1774 1247 1835 Nos
1267 1773 1298 1833 in
1314 1772 1476 1852 pontificiae

324 1866 462 1930 caritatis
470 1866 795 1948 pignusapostolieam
816 1865 1059 1930 benedictionem
1073 1868 1145 1947 tibi,
1169 1869 1278 1932 dilecte
1301 1869 1359 1948 lili,
1384 1889 1476 1950 pera·
1501 1874 1506 1881 '

328 1971 445 2028 menter
459 1965 658 2047 impertimur.
675 1967 791 2028 Datum
808 1967 924 2038 Rome,
942 1972 1010 2044 etc,
1012 1967 1075 2028 dic
1098 1977 1134 2029 ιι
1147 1970 1223 2092 julii
1240 1979 1314 2030 rnna
1327 1972 1477 2047 ,pontifi-

327 2072 412 2128 catur
426 2068 522 2133 austri
535 2082 616 2127 anau
623 2068 736 2144 primo

815 2186 999 2197 ——--..

696 2390 698 2397 s
764 2388 766 2394 Ι
839 2302 957 2372 xvm.

782 2468 913 2511 nlLucTo
935 2470 1021 2513 mlo

474 2609 477 2616 ·
557 2659 561 2667 p
613 2564 746 2644 'ranno
766 2582 983 2670 rnnrvmsco
1002 2581 1184 2655 uoumrn,

326 2781 329 2788 Ι
353 2682 632 2772 nnunnmmrtonnm
648 2715 925 2786 connunenmonls
941 2717 965 2764 S.
981 2713 1085 2763 MAURI
1101 2710 1270 2761 surculum
1287 2707 1452 2764 Genusum,

574 2858 597 2893 ··
643 2832 877 2918 CLEMENS
904 2837 1032 2918 PAPA
1060 2832 1169 2911 XIV.

1101 3007 1224 3067 Romane
1239 3001 1331 3064 augusti
1349 3002 1416 3050 1769.

369 3121 423 3179 bil
411 3122 497 3196 l,eete
518 3130 574 3184 etc
593 3125 703 3204 Magno
717 3125 828 3203 gaudio
845 3129 876 3183 te
895 3129 1040 3206 tuamque
1061 3115 1328 3196 congregationem
1350 3112 1442 3172 alfect
1430 3117 1479 3172 tos

219 3225 223 3231 '
328 3214 420 3277 luisse
447 3218 487 3279 ob
511 3225 647 3281 nostram
675 3218 714 3279 ad
737 3215 929 3298 pontificium
954 3215 1075 3277 culmen
1100 3210 1288 3273 evectionem
1312 3207 1480 3269 luculenter

330 3312 484 3374 declarant
496 3319 556 3376 tuae
568 3313 737 3377 observant
716 3320 760 3375 ιιι
774 3314 805 3375 in
816 3315 892 3390 Nos,
906 3312 966 3373 fide
983 3327 1018 3372 ιο
1031 3307 1144 3389 pietate
1158 3303 1274 3368 refertae
1284 3303 1333 3365 litt
1321 3310 1403 3366 t.erae
1421 3303 1480 3365 Sed

329 3411 372 3473 ita
388 3413 538 3493 perspecti
557 3412 624 3491 iam
642 3416 731 3473 antea
743 3411 836 3473 Nobis
856 3416 942 3472 erant
961 3407 1005 3470 tui
1017 3407 1048 3468 in
1063 3405 1143 3467 hanc
1163 3408 1250 3485 apost
1238 3401 1360 3464 tolicam
1378 3401 1480 3463 sedem

328 3526 448 3585 sensus,
459 3514 493 3570 ut
508 3509 630 3572 eosdem
647 3525 728 3570 nune
742 3507 903 3571 cumulatis
920 3504 1068 3588 significat
1056 3500 1188 3564 tionibus
1202 3506 1292 3562 testat
1294 3518 1327 3561 os
1338 3518 1400 3562 non
1417 3505 1480 3561 tam

244 3599 248 3606 “
329 3605 422 3667 Nobis
440 3588 617 3689 probaveris
633 3625 726 3692 quam
747 3606 844 3689 magis
860 3605 1016 3687 magisque
1032 3597 1315 3664 ιοιιιίιιιιιιιιῐιᾸι
1302 3604 1393 3679 taque
1409 3616 1481 3677 gra-

330 3705 446 3768 tissima
456 3705 550 3768 Nobis
564 3706 685 3769 luerunt
698 3705 799 3769 officia
812 3705 954 3784 haeotua,
966 3692 1035 3785 que¹
1049 3719 1067 3762 ι
1085 3704 1115 3762 te
1127 3695 1219 3760 etiam
1229 3703 1341 3777 tuaque
1353 3713 1482 3774 congre·
1509 3711 1512 3741 2

330 3804 450 3884 gatione
463 3802 559 3884 magis
568 3805 791 3886 amplificantur
804 3802 889 3880 lusis,
902 3807 937 3864 nt
950 3798 1069 3876 scribis,
1084 3794 1122 3857 ad
1134 3790 1410 3856 misericordiarum
1423 3809 1482 3871 pa-

330 3908 408 3964 trem
431 3900 590 3983 precibus,
613 3909 647 3965 ut
660 3909 834 3965 nostrarum
848 3898 967 3962 'virium
988 3893 1225 3959 imbecillitatem
1244 3892 1276 3952 in
1303 3889 1481 3971 gravissimo

331 3999 463 4079 gerendo
483 4019 609 4063 munere
630 4020 685 4063 suo
703 4002 768 4083 ipse
779 3999 926 4111 presidio
941 3997 1047 4060 fulciat
1059 4013 1095 4058 ac
1116 3992 1302 4056 corroboret.
1317 3989 1351 4050 ln
1369 3987 1481 4066 judicio

332 4117 403 4161 vero
415 4099 453 4163 de
465 4099 559 4182 pris
571 4093 625 4162 tuo
636 4099 732 4161 nihil
725 4099 780 4181 ipsi
792 4098 850 4161 nisi
840 4095 1098 4171 humanitatem,
1111 4091 1255 4201 pietatem
1270 4105 1306 4149 ec
1319 4085 1482 4147 vehemens

333 4193 363 4255 in
374 4196 462 4259 nobis
472 4196 564 4258 animi
576 4194 621 4257 tui
635 4194 769 4257 studium
784 4192 986 4276 agnoscimus.
996 4189 1081 4254 Nos
1073 4187 1228 4254 mvicemr
1218 4181 1282 4246 ιιι
1274 4201 1306 4244 ιιι
1315 4181 1481 4244 reanimati

334 4310 454 4371 sumus,
470 4300 505 4357 ut
525 4294 657 4374 aliquam
680 4291 863 4374 suppeditari
884 4289 973 4362 nobis
996 4285 1254 4370 opportunitatem
1273 4280 1406 4343 maxime
1426 4297 1483 4340 cu-

334 4389 454 4469 piamus
464 4390 637 4455 declarandi
652 4389 752 4472 reipsa
763 4389 834 4468 tibi,
847 4407 940 4470 quam
951 4385 1068 4468 prolixa
1083 4390 1114 4445 te
1134 4388 1270 4462 tuosque
1269 4373 1483 4440 benevolentia

332 4487 584 4572 complectamur
600 4487 743 4552 luterim'
736 4505 767 4548 m
781 4486 871 4565 hujus
881 4491 1014 4568 paternae
1025 4479 1159 4544 caritatis
1168 4479 1276 4560 pignus
1286 4472 1483 4559 apostolicam
