3188 5414
492 489 675 545 EPlSTOLAE
693 493 739 546 ET
757 493 891 549 anuum
910 495 1143 551 SELECTlORA.
1337 504 1389 555 233

244 593 318 669 diis,
333 581 491 673 episcopos
511 595 650 674 plurimis
673 596 854 674 adjumentis
870 599 982 678 privari
1001 598 1123 661 sineres.
1143 602 1345 674 Quamobrem
1371 624 1390 666 a

244 695 398 772 Maiestate
412 694 492 771 Tua,
517 712 580 774 qua
602 696 735 757 maxime
751 713 911 776 possumus
929 696 1020 758 animi
1043 697 1251 776 contentione,
1275 705 1305 760 et
1323 702 1391 779 pari

176 826 179 831 >
243 789 354 852 liducia
365 789 508 869 petimus,
518 796 554 851 ut
565 791 596 851 in
610 801 750 873 suscepto
759 791 943 874 perficiendo
953 795 1081 859 consilio
1092 796 1135 858 ita
1146 796 1237 859 rebus
1250 798 1388 861 omnibus

241 887 423 965 modereris,
440 895 531 969 prout
541 907 664 952 neeesse
681 889 791 968 estiis,
804 909 870 972 qun
880 893 1019 955 Ecclesiae
1035 899 1089 954 aut
1101 893 1203 956 divino
1213 895 1306 956 cultui
1319 903 1389 956 sunt

241 973 432 1046 consecrate.
445 987 542 1047 Deum
557 987 592 1048 Ο.
607 986 649 1047 Μ.
665 1005 838 1067 precamur,
853 995 888 1050 ut
898 988 929 1051 iu
941 990 989 1052 his
1004 991 1181 1071 peragendis
1192 993 1316 1055 eulestis
1327 1011 1388 1055 suu

238 1082 341 1161 matio
359 1082 496 1162 praesidio
515 1088 546 1144 te
564 1082 686 1161 adjuvet
705 1090 737 1146 et
756 1092 917 1164 sustentet,
937 1093 1028 1167 atque
1047 1088 1079 1149 iu
1093 1088 1158 1167 ejus
1174 1088 1386 1170 amplificanda

237 1182 334 1262 gloria
344 1181 484 1263 pristinas
504 1187 573 1245 tuas
592 1182 697 1244 laudes
705 1201 776 1246 vera
788 1202 823 1244 ac
836 1183 930 1246 solida
940 1185 1031 1264 hujus
1042 1185 1138 1249 laudis
1147 1187 1318 1249 accessione
1333 1207 1385 1250 cu-

237 1279 346 1340 mules.
358 1281 489 1340 Domum
499 1279 531 1341 in
547 1279 705 1359 singularis
718 1287 827 1342 nostra
837 1280 968 1362 paterna
981 1278 1114 1345 caritatis
1132 1283 1240 1364 pignus
1260 1291 1383 1366 aposto·
1476 1291 1478 1296 '

237 1375 330 1438 licam
341 1377 582 1440 benedictionem
592 1378 742 1457 Maiestati
754 1381 825 1440 Tua
838 1380 980 1460 omnique
999 1381 1138 1460 Augustae
1154 1382 1263 1443 Domui
1276 1400 1384 1444 aman·-

237 1473 352 1536 tissime
367 1474 568 1556 impertimur.
588 1478 702 1538 Datum
722 1482 756 1537 in
778 1477 855 1537 Arce
879 1477 1055 1556 Gandulpln'
1073 1479 1250 1539 Atheniensis
1269 1480 1384 1540 Dicarc-

235 1580 290 1645 sr's,
304 1582 374 1647 ete,
391 1576 440 1637 die
453 1585 496 1636 24'
504 1577 630 1637 octobris
642 1586 730 1651 177²,
739 1578 932 1653 pontificatus
944 1580 1040 1637 nostri
1051 1594 1131 1637 anno
1143 1583 1261 1656 quarto.

717 1693 896 1712 ἰι--η

752 1806 861 1876 CCIX.

490 1962 658 2005 caurssruo
680 1964 716 2006 ru
738 1962 872 2007 euursro
894 1961 982 2004 rruro
1004 1961 1122 2003 nosruo

321 2064 489 2126 JOSEPHO
509 2067 551 2127 IN
572 2068 823 2131 ROMANORUM
841 2068 1125 2129 ΙΜΡΕΒΑΤΟΒΕΜ
1145 2067 1297 2127 ELEGTO'

419 2184 424 2201 “
539 2189 773 2271 sumnus
800 2192 930 2270 rann
957 2189 1096 2266 run

972 2341 1071 2399 Romae,
1088 2336 1245 2417 adecembris
1261 2343 1330 2390 1772.

273 2447 435 2506 Carissimo
454 2453 511 2507 cte.
522 2447 715 2526 'Quamquam
728 2452 798 2526 post
814 2448 991 2506 consecutas
1001 2442 1032 2503 iu
1048 2440 1280 2504 Poloniarerum
1289 2463 1376 2505 com-

233 2545 413 2607 mutationes
423 2544 590 2606 maximum
600 2551 749 2621 nostrum,
765 2544 871 2623 inquo
890 2559 1012 2603 eramus
1031 2539 1068 2602 de
1082 2540 1242 2602 Catholieae
1253 2542 1376 2622 religio-

231 2641 277 2702 nis
291 2641 498 2703 incolumitate
519 2642 661 2703 timorem
675 2639 859 2720 mitigasseut
877 2639 950 2719 ipsae
963 2636 1181 2699 dominantium
1195 2639 1291 2718 leges,
1310 2640 1375 2719 qui-

232 2737 289 2798 bus
303 2737 525 2799 Catholicorum
535 2739 648 2818 temple
658 2783 667 2815 ,
679 2747 786 2818 resque
798 2737 884 2799 'sartor
903 2741 991 2798 teotae
1003 2753 1067 2797 esse
1081 2734 1264 2813 jubebantur
1283 2739 1373 2817 (quas

230 2833 310 2911 leges
332 2840 390 2894 tue
406 2832 598 2914 potissimum
620 2833 702 2914 apud
722 2833 789 2895 illos
803 2833 842 2894 ad
856 2838 974 2894 nostras
990 2838 1021 2893 et
1037 2831 1261 2912 praedecessoris
1278 2835 1373 2895 nostri

229 2947 333 3009 preces
345 2948 402 3010 pro
422 2929 564 3010 religione
581 2936 812 3010 navataeoperae
824 2929 997 2992 tribuendas
1014 2930 1216 3011 putavimus),
1232 2931 1257 2992 si
1270 2938 1372 2994 tamen

230 3042 302 3086 cum
326 3032 433 3107 praeter
457 3044 585 3088 omnem
611 3044 697 3109 spem
713 3032 872 3105 nostram,
901 3033 932 3088 et
958 3033 1063 3089 contra
1084 3027 1247 3088 earundem
1271 3029 1371 3108 legum

229 3121 396 3184 sanctiones
422 3122 545 3184 militari
570 3121 697 3185 fortasse
720 3123 858 3202 licentia,
887 3128 939 3184 aut
965 3141 1089 3201 eorum,
1115 3123 1167 3204 qui
1191 3126 1371 3205 exequendis

228 3215 354 3279 decretis
376 3225 524 3299 praesunt,
543 3216 710 3281 temeritate
719 3265 728 3298 ‚
748 3226 779 3280 et
792 3219 936 3281 haetenus
952 3219 984 3281 in
996 3220 1164 3282 Catholicos
1181 3221 1311 3301 plurima
1332 3222 1371 3282 il-

226 3315 286 3376 lata
304 3336 384 3396 esse,
398 3318 473 3380 etin
495 3317 559 3380 dies
571 3318 709 3399 graviora
724 3317 836 3381 damna
851 3318 954 3383 inferri
975 3319 1149 3399 audiamus,
1172 3340 1314 3402 magnum
1339 3323 1370 3384 in

227 3406 342 3477 metum
352 3417 529 3480 adducimur
541 3437 603 3480 non
615 3417 713 3479 solum
730 3416 768 3478 de
780 3415 951 3480 discrimine
970 3417 1089 3498 aliquo,
1111 3425 1163 3480 aut
1176 3419 1367 3500 detrimento,

225 3531 332 3575 verum
344 3514 382 3577 de
398 3515 464 3596 ipso
479 3514 630 3595 religionis
648 3515 781 3590 interitu,
795 3515 854 3576 nisi
868 3523 942 3592 tuo,
963 3516 1116 3580 carissime
1140 3517 1171 3581 iu
1187 3518 1303 3581 Christo
1325 3520 1366 3580 iili

225 3619 336 3690 noster,
351 3612 540 3693 potissimum
548 3611 706 3693 praesidio,
721 3629 757 3672 ae
769 3613 864 3673 tutela
877 3614 1017 3676 Ecclesiae
1032 3634 1068 3678 ac
1079 3617 1116 3678 de
1136 3625 1273 3698 suscepto
1287 3620 1367 3682 malo

223 3696 356 3788 quotidie
368 3710 559 3772 invalescenti
568 3717 741 3772 occuratur.
755 3711 957 3785 Quamobrem
970 3711 1061 3774 divini
1070 3715 1186 3793 cultus,
1202 3716 1250 3778 eui
1259 3718 1367 3798 praesi-

223 3807 348 3887 demus,
364 3808 521 3886 sanetilas,
537 3814 626 3888 atque
646 3808 801 3889 integritas
815 3828 850 3871 ac
863 3815 975 3871 reterns
992 3816 1038 3871 tot
1059 3814 1242 3893 populorum
1254 3814 1367 3877 salusa

222 3905 313 3968 Nobis
335 3908 482 3988 postulat,
501 3913 535 3968 ut
554 3913 713 3989 propterea
732 3909 918 3987 Maiestatem
927 3910 1026 3970 Tuam
1050 3910 1245 3991 obtestemur,
1272 3919 1365 3993 utque

222 4005 347 4066 tutelam
366 4012 455 4086 atque
471 4023 563 4086 opem
575 4005 655 4066 hauc
672 4012 773 4084 tuam,
794 4027 856 4088 qua
869 4007 1000 4069 maxime
1013 4028 1175 4090 possumus
1194 4010 1362 4090 alacritate,

222 4103 434 4181 atqueardore
453 4104 545 4166 animi
563 4111 748 4184 expetamus.
763 4109 829 4168 Tua
840 4115 870 4168 te
891 4107 956 4187 ipsa
976 4108 1094 4189 pietas,
1110 4114 1223 4170 etcum
1236 4111 1364 4189 praecla-

223 4197 338 4261 rissima
349 4202 473 4264 laudum
496 4202 635 4264 omnium
645 4202 817 4266 hereditate
832 4205 1026 4284 amajoribus
1044 4207 1102 4268 tuis
1113 4206 1143 4266 in
1156 4215 1186 4266 te
1204 4209 1364 4271 transmis-

220 4315 288 4357 sum
308 4297 458 4377 religionis
469 4298 585 4379 tuenda
599 4300 732 4362 studium
750 4302 788 4362 ad
802 4303 894 4381 illud,
913 4303 995 4383 quod
1009 4303 1212 4384 postulamuS,
1224 4321 1363 4373 eommo-
1466 4373 1468 4376 ,

218 4394 317 4472 vebis,
338 4402 427 4476 atque
448 4398 594 4478 impellet,
610 4407 641 4461 et
653 4407 704 4461 tua
721 4401 802 4480 apud
829 4419 897 4478 eos,
921 4401 1099 4481 inquorum
1120 4398 1274 4463 dominatu
1296 4405 1362 4468 baeo

218 4494 311 4574 fiunt,
337 4496 513 4576 auctoritas,
528 4495 582 4558 tibi
603 4497 826 4578 paratissimum
850 4499 965 4562 aditum
985 4499 1023 4562 nd
1038 4499 1116 4560 idem
1139 4498 1361 4580 impetrandluu
