3188 5414
342 521 394 567 366
768 517 971 572 CLEMENTIS
988 519 1054 571 xlv

343 620 440 679 forma
460 619 560 679 Brevis
581 617 629 680 die
646 631 680 680 aa
698 620 773 696 J'uuii
791 633 860 682 6666
875 665 883 696 ,
898 620 1052 700 expeditas
1075 621 1188 684 litteras
1209 623 1372 685 attendens
1392 625 1493 688 nullos

343 716 509 796 spirituales
529 715 645 777 fructus
669 735 706 778 eu
726 718 854 797 regulari
876 719 1111 798 congregatione
1136 722 1490 802 Presbyterorumrssoni

342 817 428 875 lesus
442 813 472 874 iu
488 812 620 873 Ecclesia
636 813 748 893 sperari
764 832 869 893 posse,
883 814 1038 895 prefatam
1056 818 1327 897 congregationem
1339 827 1492 900 perpetuo

341 909 467 971 extinxit
490 932 497 969 ε
518 909 680 988 Regulares
699 909 857 988 predictos
875 909 1073 987 jurisdictioni
1093 911 1320 994 ordinariorum
1338 915 1491 978 Locorum

341 1005 481 1084 subiecit,
502 1004 653 1082 assignata
665 1003 780 1065 eisdem
792 1022 925 1083 congrua
944 1007 1160 1069 sustentatione
1174 1027 1212 1070 ex
1225 1009 1395 1072 redditibus
1414 1031 1492 1095 sup-

342 1121 449 1184 pressa
472 1101 730 1180 congregationis,
756 1107 880 1190 etcum
902 1102 1042 1165 facultate
1064 1105 1237 1166 transeundi
1261 1105 1302 1167 ad
1322 1109 1492 1188 quemlibet

341 1200 481 1262 Ordinem
499 1200 667 1278 regularem
687 1199 889 1280 approbatum
903 1219 921 1260 a
935 1199 1010 1261 Sede
1029 1201 1217 1281 Apostohm3
1229 1214 1350 1283 suoque
1360 1205 1490 1266 arbitrio

340 1295 502 1359 reservavit
522 1295 752 1377 applicationem
769 1297 919 1359 bonorum
934 1297 1081 1378 praedicta
1102 1298 1393 1378 Congregationisiu
1412 1303 1491 1365 alios

340 1396 405 1476 pios
425 1414 505 1457 usus.

383 1507 435 1555 13.¹
447 1494 579 1573 Denique
600 1492 693 1554 felicis
713 1493 930 1554 recordationis
954 1494 1090 1554 Clemens
1114 1495 1196 1573 Papa
1214 1494 1265 1554 lX.
1281 1493 1490 1558 Praedecessor

341 1591 443 1653 itidem
459 1598 560 1652 noster
581 1608 652 1651 cum
671 1589 938 1667 animadverteret,
955 1596 1016 1652 tres
1028 1592 1183 1670 regulares
1195 1591 1341 1669 Ordines,
1356 1594 1489 1655 Canoni-

339 1706 446 1748 corum
460 1685 596 1749 videlicet
615 1685 800 1764 regularium
819 1686 921 1747 Sancti
941 1686 1060 1766 Georgii
1080 1686 1110 1746 in
1125 1687 1202 1766 Alga
1221 1694 1486 1768 nuncupatorum,

342 1781 1487 1864 61666666666666666611666116,6616666616666166661656661616166666

339 1880 524 1941 Columhano
534 1877 738 1940 institutorum
746 1895 871 1959 parum,
881 1878 927 1939 vel
938 1877 1013 1939 nihil
1024 1878 1177 1957 utilitatis,
1188 1885 1218 1940 61
1224 1881 1384 1942 commodi
1392 1882 1487 1942 Chris-

339 1979 420 2040 11666
430 1979 545 2059 666616
560 1976 685 2051 afferre,
700 1981 753 2036 aut
765 1993 885 2056 sperare
896 1994 986 2056 posse
999 1994 1051 2037 eos
1062 1994 1126 2037 esse
1145 1976 1310 2057 aliquando
1327 1979 1486 2054 allaturos,

338 2075 375 2136 de
392 2075 428 2137 iis
445 2073 681 2156 supprimendis,
697 2072 963 2153 extinguendisque
978 2074 1137 2135 consilium
1147 2074 1243 2155 cepit,
1257 2074 1351 2156 idque
1362 2078 1488 2157 perfecit

339 2170 400 2230 suis
414 2169 521 2230 litteris
540 2167 571 2229 in
590 2167 679 2229 simili
697 2166 797 2228 forma
813 2167 915 2229 Brevis
929 2166 978 2228 die
997 2180 1015 2229 6
1031 2167 1200 2231 decembris
1222 2181 1299 2232 6666
1323 2172 1487 2252 expeditis,

338 2281 501 2346 corumque
514 2266 609 2341 bona,
625 2271 656 2325 et
666 2263 801 2325 redditus
811 2264 885 2325 satis
902 2263 1098 2343 conspicuos,
1118 2266 1306 2327 Venetorum
1321 2269 1488 2348 Republica

338 2361 525 2438 postulante,
540 2359 570 2419 in
589 2377 641 2420 eos
654 2363 792 2438 sumptus
812 2357 945 2438 impendi
958 2358 1069 2435 voluit,
1087 2359 1141 2439 qui
1156 2360 1195 2421 ad
1214 2361 1355 2424 Ostensa
1376 2363 1488 2427 bellum

339 2454 480 2518 adversus
491 2457 604 2516 Turcas
620 2453 826 2516 sustinendum
839 2459 925 2514 erant
938 2455 1109 2522 necessario
1123 2457 1281 2518 subeundi.
1475 2471 1478 2475 ’

381 2566 426 2613 rr.
440 2556 474 2613 ln
484 2553 532 2614 his
543 2570 615 2612 vero
624 2553 765 2613 omnihus
775 2551 970 2612 decernendis
977 2597 986 2629 ,
998 2552 1246 2634 perficiendisque
1258 2555 1356 2618 satius
1368 2576 1486 2639 semper

337 2649 488 2710 duxerhnt
505 2648 740 2711 Praedecessorcs
759 2649 854 2710 nostri
874 2667 910 2710 ea
929 2649 972 2710 uti
986 2651 1207 2712 consultissima
1219 2651 1332 2730 agendi
1352 2655 1485 2735 ratione,

337 2767 429 2829 quam
447 2749 484 2809 ad
499 2747 757 2810 intercludendum
771 2748 893 2827 penitus
908 2746 1024 2808 aditum
1038 2747 1210 2809 animorum
1224 2751 1485 2831 contentionibus,

338 2856 368 2909 et
382 2848 421 2909 ad
432 2848 571 2928 quaelihet
583 2846 750 2908 amovenda
766 2843 906 2920 dissidia,
920 2845 967 2904 vel
977 2843 1111 2923 partium
1124 2843 1222 2906 studia
1238 2847 1340 2924 magis
1350 2848 1487 2912 conferre

337 2946 554 3006 existimarunt.
566 2944 642 3005 Hinc
651 2944 776 3005 molesta
782 2942 849 3017 illa,
861 2961 896 3003 ac
906 2942 1109 3021 plenancgotii
1119 2942 1321 3022 pretermissa
1328 2946 1485 3024 methodo,

336 3061 402 3122 quae
416 3044 446 3103 in
457 3040 625 3104 forensibus
638 3039 829 3101 instituendis
845 3038 967 3118 judiciis
980 3037 1114 3100 adhiberi
1133 3040 1308 3119 consuevit,
1321 3044 1487 3123 prudentia

336 3126 452 3219 legibus
472 3138 559 3200 unice
579 3137 772 3213 inherentes,
794 3155 831 3197 ea
849 3136 1004 3216 potestatis
1024 3135 1229 3216 plenitudine,
1251 3156 1315 3218 qua
1328 3146 1486 3221 tamquam

337 3235 442 3296 Christi
455 3235 486 3294 16
498 3235 585 3295 terris
598 3233 726 3311 Vicarii,
742 3252 777 3294 ac
792 3233 924 3313 supremi
941 3233 1113 3296 Christiana
1134 3233 1322 3315 Reipublicae
1340 3241 1486 3301 modera-

336 3339 416 3392 tores
433 3328 613 3409 amplissime
627 3328 729 3390 donati
746 3335 836 3406 sunt,
860 3347 924 3390 rem
946 3347 1069 3392 ornnem
1090 3331 1308 3394 absolvendam
1322 3344 1483 3415 curarunt,

336 3429 408 3510 quin
422 3426 608 3507 regularibus
620 3426 779 3487 Ordinibus
796 3427 999 3508 suppressioni
1011 3428 1183 3508 destinatis,
1196 3432 1319 3512 veniam
1330 3432 1484 3513 facerent,

336 3533 366 3587 et
379 3525 552 3586 facultatem
567 3541 622 3584 sua
632 3523 806 3603 experiundi
820 3526 890 3602 J'ura
903 3533 934 3587 at
944 3527 1134 3607 gravissimas
1149 3527 1215 3589 illas
1224 3530 1272 3590 vel
1285 3534 1485 3612 propulsandi

336 3621 576 3694 criminationes,
591 3621 638 3684 vel
652 3639 759 3682 causas
774 3623 951 3701 amoliendi,
966 3625 1007 3687 ob
1026 3643 1102 3703 quas
1116 3623 1155 3685 66
1168 3624 1242 3686 11166
1258 3627 1379 3692 66661111
1391 3651 1485 3712 66666

335 3717 556 3802 suscipiendum
568 3719 801 3782 adducebantur.

379 3833 425 3880 15.
442 3819 495 3880 His
506 3817 608 3896 161166,
628 3818 751 3898 aliisque
765 3818 888 3880 maximi
903 3818 982 3898 apud
1003 3836 1109 3880 omues
1125 3819 1282 3900 66666616,
1304 3833 1334 3886 61
1350 3831 1485 3890 6661661-

335 3918 403 3978 tatis
423 3915 566 3995 exemplis
579 3915 671 3977 Nohis
682 3922 751 3977 ante
768 3917 872 3977 oculos
885 3915 1065 3996 propositis,
1078 3916 1309 3999 vehementique
1320 3922 1415 3986 simul
1428 3925 1485 3989 116-

334 4023 454 4095 6666166
473 4013 653 4093 6661611616,
676 4021 708 4074 61
730 4014 761 4074 16
776 4033 827 4091 66,
848 4032 940 4093 quam
963 4014 1040 4075 infra
1060 4013 1247 4095 aperiemus,
1265 4017 1485 4087 deliberatione

334 4114 436 4176 fidenti
458 4113 574 4188 animo,
589 4118 714 4192 tutoque
728 4112 806 4192 pede
826 4112 1016 4190 incedamus,
1035 4111 1110 4173 611611
1128 4113 1288 4194 diligentiae
1302 4119 1483 4198 omisimus,

334 4218 363 4271 et
381 4209 594 4290 inquisitionis,
607 4215 642 4268 ut
659 4208 802 4288 quidquid
818 4208 855 4269 ad
870 4209 1014 4286 regularis
1023 4208 1159 4289 Ordinis,
1170 4212 1223 4292 qui
1237 4212 1401 4277 Societatis
1412 4219 1485 4279 lesu

332 4310 421 4388 vulgo
432 4309 551 4387 dicitur,
562 4307 710 4386 originem
721 4307 866 4387 pertinet,
885 4326 1095 4389 progressum,
1108 4311 1349 4395 hodiernumque
1369 4325 1485 4381 statum

334 4414 602 4484 perscrutaremur,
625 4412 655 4464 et
669 4409 857 4484 compertum
877 4405 945 4465 inde
968 4405 1130 4470 habuimus
1137 4454 1145 4485 ,
1166 4429 1236 4470 eum
1255 4411 1294 4471 ad
1308 4413 1485 4477 animarum

333 4502 476 4579 salutem,
495 4504 532 4564 ad
551 4502 776 4580 hereticorum,
799 4509 829 4564 et
843 4503 973 4565 maxime
989 4505 1157 4568 lnfrdelium
1179 4509 1411 4574 conversionem
1421 4559 1429 4591 ,
1445 4513 1483 4574 ad
