3188 5414
231 479 284 529 ‘272
663 475 863 534 CLEMENTIS
881 477 945 531 xlv

231 581 308 640 lianc
321 597 405 659 spem
418 576 610 658 ingredimur,
623 585 735 658 quanto
749 586 778 640 te
792 581 888 660 magis
900 581 938 642 ab
950 580 1006 641 illis
1020 586 1050 641 et
1061 568 1373 667 obnecessitudinem,

229 685 260 739 et
273 677 313 739 ob
329 677 426 757 regias
446 677 571 739 virtutes
584 683 653 739 tuas
669 676 750 757 diligi
771 678 980 761 perspicimus.
997 680 1067 741 Haec
1082 678 1147 760 ipsa
1164 679 1257 741 etiam
1277 679 1374 742 officia

229 776 292 837 lore
304 776 350 836 vel
363 773 475 836 idcirco
495 775 532 836 iis
541 774 757 853 jucundissima
770 776 843 837 certi
858 795 978 853 sumus,
991 776 1073 856 quod
1086 782 1144 838 ture
1154 776 1254 838 laudis
1263 794 1300 839 ex
1316 777 1375 838 hu-

225 871 357 950 jusmodi
371 871 489 951 egregio
505 871 585 932 sacto
598 872 737 953 profecte
749 872 824 951 sint,
840 873 995 955 percupidi
1004 898 1013 951 ;
1031 873 1159 955 proinde
1177 873 1372 937 libentissimo

228 967 329 1028 animo
342 985 538 1029 consensuros
553 961 629 1029 inter
652 986 683 1028 se
698 975 841 1048 putamus
858 976 891 1031 ut
911 968 1070 1046 nimirum,
1086 969 1166 1031 unde
1185 969 1370 1033 simultatum

227 1064 344 1126 occasio
361 1063 508 1140 extiterit,
524 1064 592 1126 inde
605 1065 771 1128 concordiae
783 1067 873 1128 etiam
888 1066 972 1128 initia
994 1086 1012 1127 a
1029 1074 1080 1128 tua
1105 1067 1247 1147 singulari
1265 1067 1370 1130 virtute

226 1162 355 1223 deducta
369 1161 505 1224 existant.
519 1164 580 1224 Nos
600 1156 735 1245 profecto
755 1185 791 1227 ea
804 1185 869 1228 esse
889 1173 942 1229 tua
963 1167 994 1228 in
1012 1169 1153 1230 Sanctam
1167 1168 1247 1229 hauc
1264 1168 1368 1232 Sedem

165 1302 172 1308 -
226 1261 332 1323 merita
342 1261 483 1339 latemur,
499 1269 533 1324 ut
542 1263 727 1343 gratissimas
743 1266 873 1329 habituri
888 1268 982 1330 simus
994 1268 1235 1350 opportunitates
1249 1287 1367 1348 omnes,

225 1353 333 1438 quibus
346 1359 399 1420 tibi
414 1359 569 1438 singularis
579 1367 712 1440 paternae
721 1370 829 1425 nostra
846 1365 978 1428 caritatis
991 1382 1112 1446 sensum
1122 1359 1366 1448 comprobemus.

224 1459 345 1520 Interim
357 1462 452 1520 Deum
466 1460 618 1540 Optimum
633 1460 797 1522 Maximum
810 1481 980 1542 precamur,
998 1470 1032 1525 ut
1045 1472 1105 1526 s'uae
1116 1464 1222 1544 gratire
1233 1463 1369 1544 benigni-

224 1562 285 1617 tate
298 1555 423 1618 virtutes
435 1562 501 1617 tuas
510 1556 606 1636 magis
616 1556 645 1618 in
655 1557 718 1618 dies
730 1565 950 1640 augeat,teque
961 1579 1037 1622 verae
1048 1560 1249 1638 felicitatis,et
1259 1561 1367 1640 gloria,

223 1670 290 1729 quae
303 1670 458 1733 nunquam
472 1653 625 1715 defectura
636 1654 685 1732 sit,
694 1661 865 1736 compotem
878 1655 994 1720 reddat.
1006 1660 1039 1719 ln
1053 1659 1141 1737 cujus
1153 1659 1324 1739 auspicium
1335 1678 1367 1720 ac

223 1749 330 1829 pignus
351 1751 545 1831 apostolicam
563 1752 802 1816 benedictionem
820 1754 892 1831 tibi,
916 1755 1104 1817 dilectissime
1129 1755 1159 1816 in
1187 1755 1308 1817 Christo
1328 1746 1379 1817 tili

223 1860 334 1927 noster,
349 1859 468 1932 tuaeque
486 1850 735 1932 praestantissima
749 1850 887 1931 conjugi,
908 1858 1065 1933 vestroque
1082 1871 1187 1915 recens
1200 1859 1275 1914 nato
1293 1853 1365 1929 lilio,

223 1964 258 2006 ac
271 1946 413 2009 universae
424 1953 482 2008 tue
491 1947 590 2028 Regiae
598 1947 706 2010 Domui
715 1946 821 2010 intimo
830 1947 945 2029 paterni
957 1948 1055 2012 cordis
1064 1966 1154 2012 sensu
1165 1949 1367 2013 amantissime

222 2041 419 2124 impertimur.
436 2047 549 2108 Datum
567 2047 686 2118 Romu,
699 2052 769 2115 cre„
788 2047 837 2106 die
850 2048 983 2108 secunda
996 2048 1161 2109 decembris
1179 2059 1276 2125 1773,
1299 2065 1369 2124 pee-

223 2144 354 2218 tificatus
368 2148 464 2205 nostri
480 2163 560 2205 anuo
571 2148 689 2222 quinto.

721 2370 855 2460 ocxu.

480 2524 647 2568 csnrssruo
669 2525 704 2566 su
728 2525 862 2567 cuursro
885 2526 967 2568 rimo
990 2522 1110 2568 uosrno

308 2627 475 2695 JOSEPHO
495 2634 537 2692 IN
553 2633 806 2705 ROMANORUM
826 2630 1110 2694 IMPERATOREM
1131 2626 1284 2694 ELECTO

528 2759 762 2839 CLEMENS
789 2761 914 2836 PAPA
944 2752 1050 2834 XIV.

783 2888 785 2894 ¹
875 2913 970 2969 Romu,
981 2908 1020 2957 die
1036 2912 1063 2957 10
1074 2896 1209 2955 decembiis
1221 2910 1292 2956 1773.

262 3023 438 3094 Carissimo,
462 3027 519 3082 etc.
540 3017 619 3081 Nihil
644 3019 681 3081 ad
701 3018 890 3099 Maiestatem
900 3020 998 3079 Tuam
1019 3017 1250 3095 augustamque
1276 3014 1369 3078 Nobis

219 3115 403 3178 carissimam
414 3119 544 3178 Domum
558 3115 705 3198 pertinere
716 3115 778 3177 ullo
789 3113 880 3176 modo
898 3118 1013 3195 potest,
1028 3109 1110 3192 quod
1120 3116 1282 3192 paternum
1296 3108 1367 3172 a'ni-

219 3231 303 3274 mum
317 3220 453 3276 nostrum
468 3212 609 3293 singulari
623 3212 677 3274 tibi
691 3211 790 3274 studio
806 3209 1085 3290 coniunctissimum
1096 3226 1158 3270 non
1174 3207 1365 3271 vehementer

220 3309 380 3375 afficiat-ac
393 3311 545 3393 percellat.
562 3308 660 3371 Facile
673 3307 799 3390 proinde
808 3313 894 3389 potes
911 3324 1108 3388 cognoscere,
1123 3311 1236 3387 quanto
1256 3302 1363 3367 dolore

219 3408 349 3488 acceptis
361 3408 468 3470 litteris
488 3407 548 3468 tuis
565 3404 693 3486 perculsi
712 3403 875 3482 fuerimus,
898 3403 1008 3484 quibus
1027 3400 1147 3482 lugubri
1169 3418 1242 3464 sane
1262 3398 1364 3461 officio

217 3504 420 3567 tristissimum
440 3503 566 3565 nuncies
584 3499 676 3564 Nobis
690 3501 807 3564 obitum
826 3499 1025 3563 dilectissimae
1037 3499 1068 3560 in
1085 3498 1202 3560 Christo
1215 3495 1284 3559 tiliae
1295 3515 1366 3558 nos·

217 3610 270 3666 trae
282 3605 378 3666 Annae
388 3601 529 3664 Carolina
542 3600 721 3664 amitaetuae.
743 3602 839 3676 Quam
849 3602 910 3663 Nos
919 3606 1035 3683 partem
1045 3601 1089 3662 tui
1099 3599 1190 3678 huius
1200 3599 1301 3662 luctus
1309 3618 1366 3681 pro

217 3708 343 3783 paterna
351 3705 454 3762 nostra
463 3705 563 3762 mcum
572 3697 790 3761 necessitudine
800 3699 869 3778 jure
882 3705 1024 3781 capturos
1031 3695 1206 3760 existimasti
1210 3696 1366 3782 ,eamdem

217 3796 452 3861 cumulatissime
462 3796 616 3878 cepimus,
628 3814 664 3857 ac
675 3801 835 3877 propterea
847 3814 904 3876 pro
915 3796 983 3872 illa,
998 3813 1091 3876 quam
1103 3793 1242 3873 declarasj
1256 3792 1294 3856 de
1304 3792 1365 3854 hu-

213 3896 346 3977 jusmodi
368 3900 471 3958 nostra
488 3895 599 3977 pietate
621 3893 733 3956 fiducia
754 3893 913 3974 obsequuti
933 3893 1034 3956 statim
1053 3909 1115 3953 non
1135 3890 1238 3953 minus
1257 3894 1369 3969 nostra

216 3991 361 4056 voluntati
370 4009 486 4068 sumus,
494 4009 586 4072 quam
597 3995 655 4052 tua
667 3996 756 4070 atque
766 3988 804 4051 ad
815 3989 998 4052 exorandam
1008 3989 1060 4050 Dei
1070 3989 1104 4049 Ο.
1115 3988 1157 4050 Μ.
1171 3984 1365 4048 clementiam

216 4112 271 4173 pro
280 4087 618 4169 defunctaePrincipissa
627 4085 789 4149 immortali
798 4086 1099 4167 requieeogitationes
1108 4092 1227 4148 nostras
1235 4092 1364 4147 conver-

98 4173 99 4176 *
216 4188 318 4253 timus.
334 4188 431 4252 Leuni
446 4186 663 4267 aliquantulum
672 4203 761 4267 posse
775 4202 967 4247 communem
977 4185 1059 4247 hunc
1074 4183 1210 4247 dolorem
1223 4188 1364 4246 nostrum

102 4360 106 4367 ⁸
216 4287 402 4368 putavimus,
416 4285 442 4349 si
456 4302 517 4348 una
529 4290 560 4345 et
573 4283 604 4345 in
619 4283 751 4346 divinam
762 4282 1013 4360 misericordiam,
1026 4287 1056 4344 et
1069 4281 1100 4343 ln
1113 4277 1192 4343 illius
1202 4297 1305 4342 mores
1325 4277 1373 4345 ad

216 4382 382 4447 christiana
394 4381 544 4464 religionis
554 4381 689 4444 instituta
700 4379 882 4461 compositos
901 4379 1094 4470 intueremur.
1105 4376 1258 4462 Accedere
1270 4394 1366 4466 porro,

210 4479 307 4541 etiam
325 4480 413 4544 debet
424 4480 551 4543 mirifica
563 4480 612 4542 illa
621 4499 657 4542 ex
667 4479 767 4542 divina
780 4479 839 4540 lide
849 4479 957 4540 hausta
970 4477 1154 4556 consolatio,
1170 4486 1204 4538 ut
1217 4475 1365 4561 nimirum⁸
