3188 5414
223 472 273 519 300
383 460 388 469 '
649 465 855 523 CLEMENTIS
873 469 938 522 xlv

222 570 316 631 nostri
327 589 415 632 sensu
427 571 629 634 amantissime
639 572 837 652 impertimur.
853 574 965 633 Dolona
975 575 1086 642 Rotae,
1098 573 1179 651 apel
1190 573 1222 632 S.
1236 574 1366 631 Mariana

223 671 384 746 Majerem,
400 670 452 729 snb
465 671 590 731 Annulo
607 672 784 740 Plsoalorls,
806 671 856 730 dle
876 679 913 729 24
928 671 1032 728 marlll
1057 678 1151 745 1774,
1173 671 1367 746 poelljicolns

223 771 318 826 nostrl
332 785 410 827 anno
425 771 541 845 qnlnlo.

700 873 883 887 ——n-

715 991 864 1062 CCLXll.

630 1148 819 1191 vnusnsrnu
841 1147 956 1189 ιιιιτιιι

462 1253 662 1314 IGNATIO
676 1253 890 1315 EPISCOPO
918 1251 1130 1312 VILNENSI

530 1375 766 1452 CLEMENS·
790 1376 916 1452 PAPA
944 1373 1050 1450 XIV.

989 1533 1087 1589 Roma,
1103 1535 1130 1579 ιο
1140 1529 1222 1591 aprilis
1239 1534 1307 1579 1773.

267 1637 467 1711 Venerabilis,
487 1645 543 1696 ele.
567 1637 713 1715 Pergrata
726 1636 818 1697 Nobis
833 1635 964 1712 fuerunt,
979 1634 1164 1696 Venerabilis
1184 1635 1299 1711 Frater,
1317 1634 1368 1694 lit-

223 1739 293 1793 terae
302 1739 370 1812 tuae,
378 1734 486 1815 quibus
495 1741 564 1814 post
574 1734 719 1814 plurimas
727 1734 832 1795 laudes
840 1733 948 1794 dilecto
959 1731 1020 1793 filio
1034 1732 1181 1793 Stanislao
1193 1731 1367 1792 Sieslrezen-

223 1830 329 1892 aewicz
355 1830 534 1892 cathedralis
559 1830 689 1893 ecclesie
713 1837 773 1891 tuae
799 1829 944 1891 canonico
975 1829 1104 1890 tributas
1130 1829 1170 1889 ob
1195 1829 1369 1908 praeclaram

223 1944 348 2006 operam
370 1928 402 1988 in
424 1927 545 1990 dioecesi
559 1935 611 1990 tna
628 1935 657 1989 le
675 1929 816 2004 absente,
836 1933 979 1989 navatam
997 1947 1015 1988 a
1031 1927 1124 1988 Nobis
1145 1927 1324 2007 postulasti,
1339 1934 1371 1987 ut

223 2024 329 2086 eudem
346 2027 491 2086 canonico
515 2026 554 2087 ad
576 2026 766 2107 episcopatus
787 2026 915 2105 gradum
938 2031 1059 2103 evecto,
1078 2027 1196 2104 majora
1216 2025 1258 2086 illi
1277 2024 1372 2105 spatia

224 2123 395 2183 exercendae
409 2122 538 2200 virtutis,
553 2123 655 2204 tuique
671 2123 702 2183 in
717 2123 882 2203 apostolico
896 2123 1062 2184 ministerio
1075 2122 1237 2201 adjuvandi
1251 2122 1371 2203 patela-

222 2236 368 2279 ceremus.
380 2219 458 2279 Nihil
470 2219 550 2280 enim
561 2220 653 2281 Nobis
662 2218 824 2297 jucundius
839 2219 975 2282 accidere
990 2225 1099 2300 potest,
1116 2238 1210 2299 qnam
1224 2228 1260 2280 ut
1277 2221 1372 2299 Apes

222 2315 320 2376 tolicae
333 2316 416 2377 Sedis
430 2317 583 2378 beneficiis
602 2336 637 2377 ac
650 2317 780 2396 praemiis
794 2335 865 2378 eum
884 2336 1065 2398 augeamus,
1084 2335 1174 2398 quem
1186 2324 1241 2378 tuo
1255 2317 1372 2397 gravis-

222 2412 298 2497 simo
316 2413 430 2491 jndicio
455 2433 490 2474 ac
510 2414 771 2475 commendatione
792 2421 933 2476 ornatum
958 2416 1063 2476 iisdem
1081 2414 1293 2494 dignissimum
1312 2415 1372 2476 du-

222 2509 318 2570 cimus
324 2555 332 2586 ,
353 2509 465 2588 tibique
487 2528 548 2570 una
572 2511 786 2589 gratificamur,
804 2530 895 2592 quem
917 2512 954 2573 de
971 2512 1104 2574 Ecclesia
1124 2518 1213 2591 atque
1233 2511 1310 2572 adeo
1335 2511 1371 2573 do

220 2608 313 2669 Nobis
325 2607 397 2688 ipsis
410 2616 473 2669 tarn
492 2609 634 2688 praeclare
645 2608 786 2670 meritum
799 2627 865 2671 esse
879 2609 1001 2671 scimus.
1015 2610 1148 2671 Allatum
1161 2607 1244 2669 enim
1259 2609 1298 2670 ad
1311 2611 1371 2670 Nos

221 2711 267 2766 est
274 2724 361 2785 ,qna
373 2711 426 2766 tua
442 2704 529 2766 luerit
518 2710 604 2785 tpro
618 2705 751 2767 fideit
708 2712 751 2766 nrt
752 2705 815 2786 egri
816 2713 878 2767 tate
890 2707 1002 2768 tuenda
1012 2751 1020 2784 ,
1032 2722 1125 2786 quam
1140 2712 1264 2766 strenua
1283 2712 1371 2786 atque

220 2803 338 2882 egregia
354 2821 461 2884 opera3
480 2808 510 2862 et
522 2802 705 2864 Venerabilis
721 2804 791 2863 Frat
779 2810 825 2865 ter
838 2803 986 2891 losephns
1000 2802 1252 2883 Arcbiepiscopus
1270 2802 1370 2883 Beryti

221 2898 393 2959 Ordinarius
413 2896 536 2959 noster
528 2916 558 2957 ιιι
572 2898 697 2961 Polonia
708 2899 859 2977 Nunnius,
880 2899 954 2961 dum
971 2899 1078 2961 hunc
1071 2917 1170 2978 rpsnm
1187 2899 1370 2962 canonicum

151 3014 152 3018 ¹
221 2995 492 3058 Siestrczenzewiez
505 2993 597 3056 Nobis
614 2995 840 3057 commendaret
849 3014 1007 3077 ‚suasque
1021 2995 1114 3058 etiam
1130 2995 1270 3058 laudest
1257 2996 1319 3058 tuis
1333 2997 1370 3058 de

221 3093 272 3154 illo
290 3093 447 3174 praeconiis
458 3092 643 3173 adjungeret,
663 3093 830 3156 luculenter
847 3093 940 3155 Nobis
956 3093 994 3154 de
1015 3101 1068 3155 tuo
1085 3092 1250 3173 singulari
1243 3112 1275 3153 nr
1294 3094 1369 3154 reli-

219 3189 341 3267 gionem
354 3189 469 3266 studio,
489 3188 608 3268 tuisque
628 3188 753 3269 egregiis
771 3188 859 3250 fectis
881 3189 1071 3271 perscripsit,
1096 3196 1129 3251 ut
1143 3196 1292 3270 quantum
1314 3190 1368 3253 tibi

219 3286 381 3347 debeamus
399 3294 430 3346 et
441 3303 560 3390 sperare
574 3285 716 3366 deinceps
728 3286 765 3347 de
781 3287 922 3367 pastorali
935 3296 988 3349 tua
1001 3287 1189 3350 solicitudine
1203 3288 1367 3368 possimus,

218 3379 311 3442 Nobis
331 3379 370 3440 sit
386 3377 657 3461 persuasissimum.
675 3383 780 3463 ltaque
793 3401 974 3466 magnopere
991 3383 1158 3466 gaudemus
1173 3392 1241 3468 gra
1242 3405 1252 3448 1
1273 3386 1368 3450 nostri

219 3478 273 3541 tibi
286 3477 458 3541 declarandi
478 3478 568 3540 animi
585 3481 841 3561 opportunitatem
859 3484 951 3546 Nobis
965 3484 1050 3545 dari
1043 3504 1073 3546 m
1093 3484 1256 3566 episcopali
1267 3484 1372 3571 digni-¹

218 3584 280 3640 tate
290 3576 438 3639 canonico
454 3576 531 3638 Siest
518 3577 725 3639 trczenzewicz
736 3579 933 3658 conserenda,
944 3581 1026 3663 quod
1039 3581 1161 3661 quidem
1171 3581 1368 3644 libentissime

218 3677 279 3737 Nos
294 3675 428 3750 lecturos
447 3673 635 3754 profitemur.
650 3675 739 3736 Illum
755 3676 835 3737 enirn
853 3695 924 3739 cum
942 3677 973 3738 in
993 3696 1030 3739 eo
1047 3678 1141 3759 gradu
1161 3679 1219 3739 erit
1206 3679 1368 3743 taNobis

218 3773 409 3849 constitutus,
429 3778 461 3833 et
475 3779 528 3833 tuo
542 3773 679 3854 exemplo
693 3773 820 3835 mirifice
837 3774 916 3836 excit
918 3781 948 3835 at
949 3794 1002 3837 nm
1009 3792 1049 3837 ιιι
1057 3821 1065 3854 ,
1081 3783 1111 3838 et
1132 3782 1162 3838 te
1177 3776 1269 3854 hujus
1291 3777 1368 3838 snb-

221 3874 287 3937 sidii
301 3871 471 3936 accessione
487 3873 518 3934 in
536 3873 624 3935 vinea
644 3874 763 3935 Domini
775 3875 940 3937 excolenda
959 3863 1298 3957 paratiorem‘futurum
1312 3895 1367 3938 ar-

217 3958 376 4033 bitramur.
389 3969 512 4031 Interim
524 3976 554 4030 te
569 3971 710 4050 preclare
722 3970 760 4032 de
780 3971 871 4034 Nobis
885 3972 993 4034 mereri
1014 3980 1241 4053 perrecturum,
1255 3981 1287 4035 et
1298 3993 1367 4054 quae

217 4067 410 4149 praesentiora
430 4065 581 4146 religionis
599 4067 797 4130 incolumitati
811 4069 948 4148 presidia
961 4069 1060 4131 eslerri
1079 4089 1097 4131 a
1112 4075 1153 4148 te,
1176 4071 1367 4135 Venerabilis

217 4169 330 4246 Frater,
343 4172 484 4247 possunt,
503 4183 540 4226 ea
561 4166 751 4245 potissimum
767 4167 826 4229 boo
840 4174 975 4248 tempore
994 4174 1024 4230 te
1040 4168 1243 4250 prestiturum
1264 4171 1367 4233 eonfi-

218 4263 326 4326 dimus.
338 4267 412 4327 Cum
423 4264 504 4326 enim
513 4282 625 4344 magno
636 4266 665 4327 in
675 4275 758 4329 metu
767 4266 861 4329 simus
872 4286 909 4328 ne
921 4286 987 4348 qna
996 4266 1166 4328 molitiones
1175 4267 1206 4327 in
1216 4267 1366 4348 proximis

218 4362 298 4440 regni
316 4363 404 4425 vestri
420 4360 550 4424 comitiis
564 4364 706 4425 adversus
723 4363 814 4425 divini
829 4364 928 4426 cultus
949 4363 1149 4443 integritatem
1167 4363 1260 4442 fiant,
1276 4372 1309 4427 te
1328 4367 1364 4427 ad

217 4457 339 4522 easdem
351 4460 432 4523 omni
450 4465 560 4522 conatu
572 4461 768 4541 repellendae,
779 4461 880 4542 quoad
890 4468 940 4524 tua
954 4461 1015 4522 fieri
1034 4461 1153 4541 poterit,
1168 4460 1365 4541 adnisurum,
