3188 5414
606 503 832 567 nocumenta
851 510 977 564 vaula.

731 684 847 754 cedi.

552 834 822 894 AMONSIGNOR
843 825 1030 891 GARAMPI.
1083 857 1084 860 ¹

922 940 1016 1021 Romae,
1036 966 1062 1011 17
1076 959 1224 1023 septembris.
1235 963 1300 1009 trra.

259 1075 449 1140 Perillmtrr's
458 1081 489 1135 et
499 1073 743 1134 reverendissime
756 1075 885 1135 Domine
894 1075 942 1132 ati
952 1072 1068 1132 Frater.
1079 1067 1182 1128 Literre
1189 1066 1367 1147 Amplitudi-

218 1172 264 1232 nis
277 1178 334 1232 tura
345 1169 404 1232 diei
419 1169 586 1249 epraeteriti
599 1168 710 1231 mensis
718 1169 784 1248 julii
797 1173 996 1250 pervenerunt
1010 1164 1049 1226 ad
1062 1182 1180 1226 sacram
1194 1165 1365 1252 Congrege-

219 1270 332 1329 tionam
347 1267 523 1346 deputatam
538 1285 628 1348 super
641 1267 767 1346 negotiis
778 1285 945 1349 suppresse
957 1264 1106 1327 societatis
1121 1266 1193 1324 Jesu
1204 1269 1365 1353 postquam

219 1363 429 1425 sanctissimus
451 1362 596 1424 Dominus
615 1371 728 1435 noster,
749 1363 889 1427 curanda
905 1361 1083 1425 valetudinis
1096 1379 1205 1436 causa,
1226 1351 1364 1421 intermi-

218 1467 298 1522 serat
311 1466 469 1522 consuetas
481 1460 656 1523 audientias.
670 1461 767 1523 Dilata
779 1461 893 1524 idcireo
907 1467 952 1523 est
966 1460 1005 1522 ad
1016 1461 1095 1522 hanc
1106 1479 1201 1540 usque
1214 1459 1293 1521 diem
1306 1477 1366 1521 res

217 1558 342 1638 pensio,
358 1564 391 1620 ut
402 1556 480 1624 ratio
490 1558 684 1641 inveniretur,
694 1561 778 1644 prius
791 1559 969 1626 consulendi
979 1558 1175 1623 sanctitatem
1187 1559 1291 1622 Suam.
1303 1560 1367 1621 Ve-

217 1655 262 1720 nit
274 1653 396 1720 tandem
407 1657 543 1740 occasio,
557 1665 591 1742 et
602 1660 813 1722 Sanctissimus
824 1659 948 1723 laudato
963 1659 1103 1740 prudenti
1118 1657 1241 1720 consilio
1255 1656 1367 1736 Ampli-
1472 1715 1476 1728 ,

217 1752 330 1814 tudinis
348 1762 425 1832 tua,
439 1755 571 1834 quinque
586 1756 718 1837 expediri
731 1757 821 1835 jussit
839 1756 999 1836 requisitas
1014 1755 1116 1816 literas
1135 1755 1167 1816 in
1180 1754 1278 1831 forma
1290 1757 1367 1815 Bre-

218 1849 280 1925 vis,
290 1847 338 1910 his
346 1848 459 1911 >nostris
475 1850 652 1930 adjunctas3
667 1853 814 1933 pleneque
826 1851 989 1914 committit
1000 1850 1141 1934 prudenti
1153 1849 1275 1932 arbitrio
1289 1851 1367 1910 Am-

218 1948 372 2029 plitudinis
383 1954 458 2026 tuas,
474 1956 507 2025 ut
518 1951 613 2032 possit
624 1950 689 2012 illas
707 1950 809 2012 statim
824 1955 1003 2030 presentare
1011 1992 1020 2024 ,
1034 1947 1081 2008 vel
1095 1947 1232 2027 evulgata
1247 1944 1366 2007 illarum

219 2045 341 2122 notitia,
353 2046 613 2126 presentationem
630 2046 749 2109 differre
762 2091 771 2124 ,
785 2064 941 2127 quousque
955 2042 1164 2127 spem-habere
1177 2042 1305 2122 poterit,
1316 2060 1367 2102 re-

219 2142 346 2205 vocandi
367 2143 406 2205 ad
419 2142 520 2206 efficia
532 2143 674 2205 suavibus
692 2140 913 2206 hortationibus
934 2141 1100 2232 Episcopos
1114 2139 1367 2230 Posnaniensem,

219 2251 249 2305 et
255 2241 689 2306 Vilnensem.Transmittimus
695 2242 788 2305 etiam
795 2240 833 2304 ad
840 2238 1078 2322 Amplitudinem
1089 2244 1173 2301 tuam
1189 2236 1402 2329 Epistoliumb

219 2343 397 2424 infrascripti
425 2345 462 2404 D.
483 2340 640 2404 Secretarii
664 2339 743 2403 circa
770 2344 901 2401 mentem
932 2334 1118 2400 sanctissimi
1140 2353 1230 2415 super
1249 2335 1368 2412 juribus

220 2439 389 2519 principum
404 2437 581 2521 disponendi
598 2436 636 2498 de
647 2434 738 2498 bonis
748 2452 912 2516 suppressa
923 2431 1089 2508 societatis3
1107 2430 1187 2513 quod
1199 2437 1301 2493 tamen
1311 2449 1368 2513 pro

219 2539 283 2615 ejus
293 2536 401 2600 notitia
413 2537 573 2612 deserviet,
587 2534 641 2597 sed
652 2532 724 2597 nulli
734 2531 929 2614 pandendum
940 2529 1015 2602 erit,
1028 2527 1187 2609 minusque
1198 2526 1230 2588 iu
1246 2526 1369 2609 propria

220 2634 408 2698 tradendum.
431 2635 529 2699 Etiam
554 2629 788 2694 Eminentissimi
808 2631 912 2691 Patres
934 2644 1128 2706 summopere
1153 2625 1368 2687 commendant
1448 2658 1451 2665 -
1488 2671 1497 2688 .

220 2731 335 2809 zelum,
346 2739 376 2793 et
386 2731 570 2810 diligentiam
581 2727 777 2807 Amplitudini
798 2732 875 2804 tuae,
890 2731 920 2786 et
932 2744 987 2787 nos
996 2723 1095 2787 eidem
1107 2722 1208 2787 omnia
1220 2723 1318 2787 lauta
1331 2743 1369 2787 ex

158 2833 159 2839 ’
220 2829 311 2893 corde
324 2848 484 2909 precamur
498 2847 516 2890 a
530 2826 669 2888 Domino.

300 2945 511 3026 amplitudinis
525 2945 597 3006 Tua

678 3015 920 3082 Studiosissimus
930 3016 973 3080 uti
986 3017 1089 3080 Frater

904 3149 941 3202 Α.
960 3146 1150 3202 musalms
1168 3146 1330 3202 conamus.

898 3246 932 3300 V.
952 3247 1164 3315 Maecenates,
1183 3249 1366 3303 secretarius.

701 3371 881 3383 Ἣ

731 3474 861 3546 CCCVl.

929 3627 1028 3687 Rome,
1043 3626 1070 3677 17
1084 3623 1224 3688 septembris
1236 3627 1303 3675 ¹77⁴.

183 3774 185 3782 s
264 3734 450 3803 Perillartris
473 3738 502 3793 et
525 3733 769 3815 reverendissime
792 3731 922 3794 Derrrr'ne
946 3737 992 3795 uti
1012 3733 1130 3795 Frater.
1143 3733 1216 3793 Post
1228 3734 1367 3810 acceptas

222 3829 321 3891 literas
333 3828 546 3910 Amplitudinis
556 3836 615 3891 tue
631 3828 691 3891 diei
706 3841 743 3890 ao
757 3826 896 3909 preteriti
911 3828 1023 3891 mensis
1041 3827 1129 3906 Julii,
1144 3844 1247 3922 earum
1259 3825 1367 3887 relatio

221 3925 322 3985 statim
339 3924 403 3986 lieri
428 3942 489 3987 non
512 3924 611 4004 potuit
628 3924 819 3986 sanctissimo
836 3923 965 3987 Domino
978 3930 1097 4004 nostro,
1117 3925 1168 4007 qui
1190 3922 1367 3986 valetudinis

221 4041 312 4084 causa
333 4023 532 4084 intermiserat
555 4028 713 4084 consuetas
736 4021 902 4084 audientias
909 4047 918 4099 3
951 4022 1003 4084 sed
1031 4023 1103 4086 data
1124 4020 1365 4104 opportunitate,

220 4120 286 4196 ejus
300 4121 456 4182 oraculum
468 4119 647 4208 erquisitum
660 4119 734 4197 luit,
749 4119 1018 4182 etelementissime
1033 4120 1240 4201 dignatusest,
1252 4119 1366 4198 Ampli-

223 4217 336 4279 tudinis
354 4224 411 4283 tuae
425 4235 486 4283 non
500 4216 615 4294 minus,
627 4235 719 4297 quam
731 4217 873 4300 Episcopi
887 4217 1069 4280 Varmiensis
1080 4217 1177 4279 zelum
1189 4223 1220 4278 et
1237 4215 1365 4295 diligen-

221 4313 294 4379 tiam
315 4313 548 4390 commeudare,
568 4315 650 4395 quod
668 4322 699 4376 et
716 4315 814 4376 eidem
831 4315 975 4396 episcopo
995 4321 1101 4377 notum
1133 4314 1196 4376 lieri
1214 4320 1310 4395 optat,
1331 4321 1365 4375 ut

219 4417 339 4489 gratnm
351 4411 484 4472 animum
498 4411 668 4474 sanctitatis
688 4432 747 4474 sua
764 4418 935 4492 cognoscat.
957 4411 1106 4472 Articulos
1118 4410 1208 4472 etiam
1230 4428 1299 4472 eum
1315 4410 1365 4470 in-

221 4506 381 4585 telligentia
393 4508 604 4588 Amplitudinis
613 4516 670 4571 tuae
683 4498 857 4572 efformatos
869 4509 1026 4590 approbat,
1039 4516 1070 4571 et
1083 4509 1196 4586 laudat,
1209 4515 1241 4570 ut
1252 4509 1364 4571 scilicet
