3188 5414
388 515 633 572 nrrsronaan
651 517 784 572 unavrx
805 501 1037 591 succurrenti.
1239 520 1288 568 na

139 605 259 709 gratum
280 621 334 682 tihi
357 629 573 704 acceptumque
587 623 671 684 illum
686 640 750 684 osse
770 622 937 683 videamus.
958 620 1020 681 Etsi
1042 620 1131 699 igitur
1150 620 1289 699 propensi

135 719 331 781 ¹vehementer
353 719 447 781 simus
468 719 507 780 ad
528 720 612 781 illum
635 714 744 781 merito
762 717 916 780 beneficiis
933 717 1042 779 nostris
1064 716 1288 790 exornandum,

139 816 236 878 multo
248 821 351 878 tamen
362 817 691 895 tua-commendatione
700 816 911 898 propensiores
924 815 1084 890 efficimur,
1098 832 1134 874 ao
1145 811 1288 894 quidquid

118 981 120 984 Α
138 913 169 975 in
185 915 286 994 ipsum
301 915 470 976 ornamenti
484 915 621 977 collaturi
633 915 764 991 erimus,
775 915 816 975 id
816 934 834 976 a
846 914 939 977 Nobis
949 913 1149 976 libentissime
1155 914 1289 994 prastan

135 1028 195 1090 pro
205 1016 259 1072 tuo
270 1010 443 1088 hujusmodi
461 1010 765 1072 honorificentissimo
775 1029 848 1090 erga
860 1030 930 1073 eum
945 1011 1045 1073 studio
1059 1029 1183 1091 operam
1201 1009 1291 1072 dabi—

140 1128 224 1187 mus,
246 1116 298 1173 ut
296 1117 479 1190 cognoseat,
495 1130 531 1172 ac
551 1111 780 1190 Maiestati'l'uae
793 1110 904 1190 gratias
924 1111 1044 1172 reserat.
1058 1110 1147 1171 Acin
1161 1116 1291 1187 paterne
1393 1111 1395 1115 ’

136 1207 299 1294 singularis
319 1209 453 1271 caritatis
475 1214 686 1290 argumentum
707 1202 904 1288 apostolicam
920 1208 1178 1284 benedictionem,
1193 1207 1291 1268 caris-

134 1308 235 1373 sime
227 1326 257 1370 ιιι
272 1309 388 1392 Christo
399 1308 441 1370 fili
452 1316 566 1385 noster,
584 1306 637 1368 tibi
650 1305 854 1368 amantissime
873 1306 1073 1387 impertimur.
1097 1308 1212 1368 Datum
1227 1306 1290 1365 Ro-

139 1424 215 1477 moe,
235 1412 306 1477 ete„
322 1408 372 1468 die
388 1419 425 1468 26
439 1407 612 1486 septembris
629 1416 719 1479 1770,
732 1407 929 1482 pontificatus
948 1409 1043 1465 nostri
1056 1423 1136 1464 anno
1149 1404 1287 1464 secondo.

624 1526 800 1538 *fla—u-

667 1625 750 1696 Clll.
778 1627 781 1630 ’

550 1783 744 1842 ιιιιιιιιιιιιιι
766 1783 877 1823 ιιιιιιιι
1097 1843 1099 1847 Ι
1203 1817 1206 1821 ,

271 1887 425 1948 CAROLO-
440 1889 614 1950 ANTONIO
634 1886 937 1950 Ancfllnrlscoro
958 1888 1154 1968 anundum
1188 1895 1190 1899 ’
1241 1940 1243 1944 ι

453 2006 686 2090 cranaus
713 2014 842 2091 rara
869 1984 976 2090 xxv.¹

847 2158 943 2212 Romae,
955 2149 984 2204 26
999 2154 1141 2216 septembris
1155 2159 1222 2206 1770.

162 2334 165 2341 .
183 2258 382 2329 Venerabilis,
394 2266 450 2323 etc.
465 2262 654 2324 laetissimus
662 2269 708 2325 est
717 2263 803 2325 dolor
810 2271 891 2339 tuus,
901 2246 1088 2323 Venerabilis
1097 2263 1213 2340 Frater,
1224 2265 1287 2344 pla·

139 2375 237 2438 neque
249 2360 397 2421 consentit
408 2378 479 2422 cum
492 2369 613 2440 nostro,
628 2381 689 2442 quo
699 2361 816 2441 jamdiu
834 2360 982 2422 afficimur
999 2358 1039 2421 ob
1058 2377 1166 2440 pravas
1178 2379 1214 2423 ao
1226 2362 1287 2425 im-

137 2454 218 2533 pias,
230 2472 298 2536 quc
307 2458 465 2536 vulgantur
477 2459 507 2520 in
520 2459 601 2539 dies,
614 2461 785 2542 opiniones,
798 2461 907 2541 quihus
918 2467 949 2522 et
961 2459 1129 2540 religionis,
1144 2467 1174 2521 et
1188 2461 1287 2541 reipsa

138 2557 231 2634 hlicae,
242 2562 273 2618 et
281 2558 714 2640 omnisprorsushumanitatis
720 2559 915 2621 fundamenta
924 2559 1144 2622 convelluntur,
1156 2559 1285 2620 Proinde

137 2671 173 2713 ex
193 2672 255 2733 quo
274 2655 311 2731 ad
325 2656 404 2718 hanc
417 2656 595 2720 beatiPetri
614 2657 789 2719 cathedram
801 2655 1048 2731 conscendimus,
1068 2653 1142 2715 illud
1154 2654 1285 2715 maxima

137 2771 255 2833 semper
274 2754 461 2831 curavimus,
480 2764 516 2816 ut
537 2761 601 2816 tarn
619 2754 781 2817 monstrosi
795 2772 831 2814 ac
849 2753 986 2814 venenati
1001 2749 1286 2812 absurdissimnrunr

138 2848 325 2927 ingeniorum
337 2856 441 2930 partus
457 2856 630 2911 nostrarum
649 2849 905 2930 proscriptionum
918 2846 1097 2909 auctoritate
1109 2857 1162 2907 aut
1176 2847 1286 2926 prafe-

136 2951 278 3006 carentur
297 2946 409 3023 statim,
422 2953 474 3008 aut
489 2947 596 3008 saltem
607 2965 624 3008 e
635 2946 775 3008 manibus
785 2945 943 3026 hominum
955 2952 1072 3009 extorta
1083 2945 1183 3006 minus
1193 2946 1286 3012 onan

138 3042 247 3120 sionis,
262 3063 297 3105 ao
310 3044 480 3106 detrImenti
495 3038 645 3126 parerent.
658 3045 705 3106 Ad
720 3064 813 3125 quam
826 3046 1032 3125 gravissimam
1045 3047 1209 3109 Nobiscum
1224 3067 1286 3110 sus

137 3140 311 3233 cipiendam
334 3160 440 3207 curam
464 3151 581 3206 ceteros
600 3145 691 3205 etiam
717 3141 845 3206 universi
873 3145 954 3208 orbis
972 3145 1137 3228 Episcopes
1157 3146 1286 3228 epistola

110 3309 117 3318 ,
136 3243 289 3324 encyclica
313 3244 352 3307 ad
376 3245 499 3307 eoadem
527 3245 576 3306 die
595 3260 643 3305 xrr
662 3243 830 3305 decembris
850 3264 1014 3306 unccnxrx
1042 3245 1117 3307 data,
1131 3245 1285 3326 diligenter

136 3339 342 3402 excitavimus.
359 3335 434 3402 Cum
447 3360 518 3404 vero
527 3332 678 3422 perlatum
688 3341 726 3402 ad
737 3341 798 3402 Nos
810 3350 888 3402 esset
899 3341 938 3403 de
949 3341 1096 3412 habendis
1107 3341 1183 3404 Cleri
1193 3344 1284 3404 vestri

135 3435 273 3512 gallicani
287 3438 432 3515 comitiis,
447 3438 477 3499 in
494 3438 604 3518 quibus
615 3444 731 3499 certum
744 3436 837 3498 Nobis
850 3444 915 3499 erat
925 3456 982 3518 pro
992 3444 1096 3499 nostra
1110 3439 1241 3518 plurima
1254 3448 1285 3501 et

136 3529 278 3593 doctrina
297 3540 418 3605 vestra,
439 3541 469 3595 et
485 3534 664 3615 episcopalis
678 3533 808 3613 vigilant
802 3553 835 3596 ιιι
856 3534 1075 3598 existimatione
1098 3554 1152 3596 ios
1170 3554 1233 3600 esse
1247 3535 1284 3598 de

137 3628 305 3690 avertendis
330 3631 476 3709 ejusmodi
492 3632 609 3693 malis
602 3651 632 3692 ιιι
656 3630 790 3691 medium
817 3633 1040 3694 accuratissime
1064 3633 1285 3702 consultaturus

136 3723 294 3788 vehement
282 3732 328 3789 ter
346 3727 529 3805 exarsimus,
551 3736 585 3789 ut
604 3734 775 3808 opportuna
791 3729 876 3789 robis
896 3728 1040 3790 carissimi
1056 3730 1085 3792 in
1100 3732 1217 3792 Christo
1232 3731 1284 3792 lilii

136 3825 230 3887 nostri
244 3826 386 3888 Ludnvici
398 3829 584 3888 Francorum
594 3828 673 3907 regis
693 3827 948 3905 christianissimi,
963 3828 1049 3907 cujus
1063 3830 1092 3891 in
1110 3831 1284 3910 religionem

45 3955 51 3965 ·
136 3924 254 3987 animus
265 3924 356 3987 Nobis
369 3931 435 3986 erat
445 3924 719 4005 perspectissimus,
735 3924 871 4006 prasidio
885 3945 1071 4006 pararemus.
1085 3929 1132 3990 Ad
1144 3928 1284 3990 eumdem

136 4018 227 4096 igitur
238 4028 311 4083 tuno
322 4021 436 4084 litteras
453 4020 608 4098 dedimus,
623 4022 856 4102 quibusquanta
870 4023 1000 4084 maxima
1019 4024 1173 4104 potuimus
1192 4045 1286 4106 apos-

136 4115 218 4177 tolici
232 4119 324 4180 animi
341 4119 386 4196 vi,
400 4138 436 4180 ac
450 4118 657 4181 obsecratione
667 4120 707 4181 ab
721 4138 758 4181 eo
771 4114 996 4198 contendimus,
1008 4128 1043 4183 ut
1054 4141 1108 4184 vos
1120 4122 1282 4202 religionis,

137 4212 378 4293 Deiquecausam
389 4223 608 4303 pertractantes
618 4216 927 4280 commendatissimas
938 4218 993 4280 sihi
1002 4238 1067 4281 esse
1079 4221 1179 4297 veltet,
1187 4222 1283 4302 regia-

134 4328 195 4388 que
211 4312 362 4374 roluntate
378 4312 626 4393 suaciucoeptaet
646 4313 769 4390 consilia
788 4320 886 4375 restra
901 4321 1081 4377 sustentaret
1100 4333 1136 4376 ac
1154 4315 1281 4380 fulciret.

135 4410 239 4470 Laetati
256 4410 378 4491 quidem
390 4418 700 4492 summoperepostea
712 4429 816 4472 sumus
829 4411 927 4491 ipsum
943 4412 1220 4477 christianissimum
1233 4416 1286 4476 re-'

133 4526 221 4586 gem,
235 4516 265 4570 et
277 4509 337 4572 suaa
349 4509 380 4571 in
396 4512 489 4572 Deum
502 4510 587 4588 lidei,
609 4518 639 4571 et
653 4517 760 4600 nostra
778 4510 815 4571 dn
830 4511 895 4591 ipso
909 4512 1110 4592 expectationi
1126 4514 1281 4594 praeclare,

1159 4625 1176 4673 8
