3188 5414
215 509 264 559 184
641 500 841 557 CLEMENTIS
860 501 926 557 xlv

210 611 270 671 Nos
281 607 418 688 quidem,
431 607 617 687 quantumin
630 607 721 668 Nobis
731 614 787 684 est,
800 624 905 670 omues
914 623 1002 667 curas
1012 604 1042 666 in
1052 602 1205 664 universas
1217 599 1358 661 Ecclesia

209 705 302 767 Nobis
314 703 482 766 commisse
503 709 604 783 partes
622 702 835 779 convertimus,
859 719 895 763 ac
907 701 973 763 dies
990 705 1154 779 noctesque
1171 697 1357 778 cogitamus,

210 823 270 884 qua
281 802 397 864 ratione
407 805 453 862 tot
465 799 595 880 undique
607 799 814 880 ingruentibus
827 815 1035 874 occurramus,
1050 815 1086 858 ac
1101 787 1360 857 medeamurma-

210 903 258 963 lis.
275 902 363 963 Doles
379 898 417 979 de
436 898 472 962 iis
485 905 519 959 tn
532 896 653 977 quidem
662 914 718 976 pro
729 914 776 973 ea,
790 915 850 977 qua
868 896 899 956 in
912 895 1077 957 Ecclesiam
1088 912 1132 972 es,
1143 893 1274 975 pietate,
1286 899 1359 955 tuo-

209 1017 268 1081 que
282 998 385 1059 dolore
399 994 511 1057 excitas
522 992 619 1072 magis
633 1000 721 1073 atque
738 993 908 1056 inflammas
922 992 1138 1055 sollicitudines
1147 997 1280 1069 nostras,
1290 990 1359 1072 qui-

210 1098 266 1157 bus
280 1089 571 1176 praeterquamquod
586 1091 825 1172 opportunitates
844 1108 978 1171 quasque
992 1108 1054 1152 uon
1067 1097 1131 1152 tum
1148 1094 1357 1170 expectamus,

210 1211 301 1272 quam
317 1209 370 1272 per
387 1191 448 1254 Nos
467 1188 547 1269 ipsos
564 1206 708 1266 paramus
728 1206 763 1248 ao
785 1188 944 1265 struimus,
967 1186 1117 1268 precipue
1138 1187 1238 1248 Deum
1260 1188 1359 1267 ipsum

210 1289 335 1351 assiduis
348 1287 486 1369 precibus
500 1304 536 1350 ac
545 1285 676 1349 lacrimis
687 1285 894 1367 imploramus,
907 1295 941 1350 ut
952 1287 1045 1350 Nobis
1054 1287 1100 1350 sui
1111 1286 1230 1349 consilii
1245 1287 1359 1368 sapien-

210 1388 257 1448 tia
275 1406 311 1449 ae
324 1384 507 1448 tortitudinis
526 1385 663 1465 spiritum
684 1385 839 1465 largiatur,
854 1393 1093 1467 quotamquam
1108 1383 1200 1447 annis
1222 1384 1357 1447 instructi

209 1485 357 1564 possimus
371 1483 457 1562 ignea
468 1481 659 1545 inimicorum
672 1482 731 1543 tela
745 1483 941 1564 restinguere,
957 1502 993 1545 oc
1008 1484 1038 1545 iu
1052 1483 1166 1545 tuenda
1177 1499 1357 1567 promoven

210 1582 307 1661 daque
322 1580 474 1659 religione,
496 1578 625 1659 pietate,
646 1578 754 1641 virtute
768 1579 939 1642 animarum
955 1579 1172 1665 incolumitati,
1193 1598 1244 1642 ac·
1255 1578 1357 1641 diviua

204 1677 326 1756 glorie,
340 1675 422 1756 quod
434 1675 521 1736 unice
535 1674 674 1756 cupimus
690 1694 726 1737 ac
742 1673 897 1755 debemus,
919 1675 1073 1738 inservire.
1092 1676 1356 1758 Hoc-praecipuum

209 1775 300 1834 etiam
318 1791 381 1836 esse
400 1779 457 1833 tue
470 1771 601 1852 pietatis,
616 1789 652 1833 ec
667 1770 696 1833 in
712 1773 773 1834 Nos
785 1771 981 1835 observantia
999 1771 1133 1834 osticium
1149 1772 1303 1856 existima,
1323 1780 1356 1834 ut

209 1871 379 1948 hujusmodi
402 1869 478 1931 votis
503 1868 620 1931 assidue
643 1868 778 1946 insistas,
802 1870 911 1950 quibus
929 1870 968 1933 ad
989 1871 1168 1951 prociarum
1189 1871 1355 1933 christiane

210 1969 276 2028 vita
296 1967 447 2048 specimen
461 1965 619 2044 adjunctis,
639 1965 735 2044 magis
757 1965 788 2025 in
802 1964 865 2027 dies
879 1965 1026 2028 cumulari
1040 1965 1071 2027 iu
1090 1972 1119 2027 te
1129 1966 1293 2028 uberrima
1308 1965 1356 2027 di-

208 2068 283 2127 vina
297 2064 438 2138 bonitatis
456 2064 641 2126 incrementa
657 2065 775 2127 senties.
791 2066 852 2126 Nos
877 2065 1004 2128 invicem
1024 2063 1081 2126 tibi
1094 2082 1198 2126 veram
1218 2063 1313 2153 animi
1325 2063 1354 2123 iu

208 2166 269 2224 Deo
291 2181 413 2243 paoem,
430 2163 617 2243 solidamque
635 2162 772 2241 laudem,
795 2182 830 2225 ac
841 2162 1014 2225 felicitatem
1028 2168 1198 2243 precantes,
1216 2178 1355 2224 omnem-

208 2279 265 2339 que
279 2261 517 2324 benevolentiam
538 2280 575 2323 ac
597 2261 754 2324 caritatem
775 2261 952 2339 deferentes,
973 2260 1047 2322 nihil
1070 2259 1146 2322 adeo
1165 2251 1353 2347 exoptamus,

207 2375 300 2435 quam
318 2364 355 2419 'ut
367 2359 432 2435 ejus
445 2357 543 2438 reipsa
560 2357 762 2434 declaranda,
786 2358 1059 2439 confirmandaeque
1079 2357 1192 2421 habere
1211 2375 1354 2437 maguum

208 2453 337 2533 aliquem
359 2472 395 2514 ac
413 2454 559 2515 illustrem
581 2454 730 2535 possimus
752 2457 864 2517 locum.
878 2459 1006 2519 ‘Interim
1025 2456 1055 2518 in
1076 2454 1198 2517 uberius
1219 2453 1354 2534 ejusdem

207 2551 315 2629 pignus
337 2551 532 2632 apostolicam
557 2551 795 2615 benedictionem
818 2553 945 2618 coelestis
965 2552 1182 2615 benedictionis
1201 2551 1354 2639 auspicem

84 2718 88 2725 ⁶
207 2647 360 2709 Nobilitati
375 2650 457 2719 Ture,
465 2648 574 2710 inclitae
584 2648 720 2728 conjugi,
733 2667 768 2711 ac
779 2649 890 2725 liberis,
905 2649 1048 2730 omnique
1060 2656 1124 2710 tam
1135 2647 1253 2710 dilectu
1264 2647 1359 2710 Nubis

206 2743 325 2806 lamiliae
338 2743 443 2811 intimo
456 2743 572 2827 paterni
586 2744 686 2807 cordis
708 2763 797 2808 sensu
817 2753 1009 2828 peramanter
1025 2745 1228 2835 impertimur.
1244 2747 1354 2808 Datum

208 2845 324 2916 dorae,
340 2852 408 2917 etc,
425 2845 474 2907 die
489 2855 526 2910 20
541 2843 715 2922 septembris
733 2856 818 2922 1111,
828 2848 1020 2927 pontificatus
1033 2850 1131 2908 nostri
1141 2862 1224 2906 anno
1238 2847 1335 2907 tertio.

687 2969 869 2978 Μ

709 3079 847 3148 CLXlll.

647 3235 786 3281 DitECTts
809 3236 905 3279 ultus

206 3340 464 3400 urammnnus
477 3343 525 3400 nr
540 3343 730 3399 canonicis
742 3343 922 3427 accersire
933 3311 1190 3405 mrasnaams
1203 3344 1354 3405 autumi

511 3455 745 3535 CLEMENS
772 3458 901 3538 PAPA
928 3458 1034 3536 XIV.

556 3610 584 3659 lo
595 3609 657 3658 arce
669 3605 806 3672 Gandulplii
818 3607 957 3658 albanensis
968 3611 1089 3669 Dioneae,
1108 3616 1135 3660 to
1142 3611 1254 3674 octobris
1269 3618 1341 3684 1771.

244 3715 374 3784 Dilecti,
397 3720 451 3774 ete.
468 3712 615 3775 Peculiari
630 3711 729 3780 studio
739 3720 770 3801 et
781 3713 907 3776 caritate
916 3716 1155 3797 complectimur,
1170 3717 1274 3783 dilecti
1287 3721 1356 3800 tilii,

204 3812 369 3874 Ecclesiam
382 3811 623 3887 Ariminensem,
635 3810 667 3871 in
684 3811 771 3888 cujus
786 3810 901 3890 gremio
924 3813 987 3874 uati
1001 3831 1123 3891 sumus,
1137 3817 1358 3901 civitatemque

204 3906 304 3986 istam,
318 3907 417 3988 inqua
428 3912 584 3988 tamquam
592 3908 684 3970 altera
697 3907 796 3988 patria
805 3909 1027 3990 nostraprimos
1038 3912 1135 3973 aetatis
1150 3930 1247 4001 anuos
1259 3935 1358 3999 usque

205 4005 242 4066 ad
249 4004 401 4088 seraphici
412 4004 530 4068 Ordinis
542 4007 708 4087 ingressum
721 4012 884 4069 transactas
896 4025 914 4068 a
926 4007 1018 4070 Nobis
1029 4008 1121 4071 fuisse
1132 4010 1357 4088 iucundissime

205 4105 414 4180 recordamur;
429 4121 527 4183 neque
547 4105 641 4167 Nobis
661 4105 763 4169 animo
775 4103 912 4166 excidere
925 4124 1060 4189 uuquam
1074 4114 1192 4191 potest,
1209 4130 1272 4192 qua
1287 4119 1357 4177 tum

205 4198 347 4267 virtutum
366 4200 455 4263 laude
469 4200 586 4263 tloreret
613 4202 642 4262 in
663 4201 767 4283 populi
789 4198 1019 4264 aediticationem
1041 4204 1158 4282 clerus,
1185 4212 1278 4288 atque
1303 4209 1357 4273 illa

203 4296 353 4377 praecipua
377 4298 447 4359 cleri
468 4315 556 4377 pars,
578 4298 738 4378 collegium
759 4316 868 4379 nempe
889 4308 1039 4380 vestrum,
1060 4304 1146 4382 cujus
1163 4305 1196 4366 iu
1214 4307 1279 4368 vita
1304 4310 1357 4390 pie

204 4399 363 4472 sancteque
387 4392 523 4456 ducenda
545 4394 722 4474 praeclarum
742 4401 808 4457 erat
822 4395 972 4476 specimen
991 4401 1120 4477 caeteris,
1136 4420 1172 4463 ac
1185 4402 1216 4463 in
1231 4408 1357 4484 persol-

192 4487 305 4550 ·i·ondis
319 4493 483 4570 praesertim
498 4491 587 4554 divini
610 4493 707 4555 cultus
728 4494 833 4556 officiis
854 4496 948 4556 multa
965 4498 1159 4578 praefulgebat
1177 4521 1356 4568 sacrocum
