3188 5414
388 513 568 568 EPISTOLAE
587 514 632 568 ET
652 514 786 568 BREVlrt
807 515 1040 570 subedituus.
1241 524 1290 573 123

145 616 1289 699 sinurmpiguusinapostolicabenedictione,quamtibi,VenerabilisFrater,

143 723 261 795 tuaeque
277 714 347 776 fidei
368 715 529 778 commisso
546 717 659 798 populo
676 725 867 798 peramanter
882 717 1080 798 impertimur.
1103 721 1213 779 Datum
1229 723 1291 782 lio-

140 837 213 888 vuoe,
230 824 300 886 otc„
316 817 365 877 die
382 828 417 877 10
429 819 595 878 novembris
610 829 697 894 1770,
710 820 906 894 pontificatus
920 820 1017 877 nostri
1033 834 1113 876 anno
1124 818 1263 877 secundo.

619 974 800 983 ψ..-

662 1092 760 1161 exn.

449 1210 683 1330 circuitus
710 1244 839 1332 rura
867 1210 972 1332 niu.

830 1435 927 1492 noma,
947 1441 973 1484 to
987 1436 1124 1485 novembris
1138 1439 1205 1484 1770.

180 1545 228 1607 Ad
239 1551 416 1624 perpetuam
430 1544 472 1604 rei
488 1546 677 1608 memoriam.
691 1547 830 1609 Omnium
851 1549 939 1611 saluti
954 1557 1080 1630 paterna
1097 1549 1223 1612 caritate
1243 1549 1287 1611 in-

138 1643 211 1704 tenti
228 1661 314 1705 saera
328 1640 478 1702 interdum
489 1642 569 1720 loca,
582 1649 671 1723 atque
682 1662 719 1706 ea
735 1646 900 1725 prasertim
909 1692 918 1724 ,
932 1647 970 1708 ad
981 1666 1046 1727 qua
1064 1645 1194 1727 plurima
1207 1647 1286 1708 ude-
1391 1715 1392 1718 Ἴ
1468 1689 1471 1701 .

140 1744 215 1804 lium
226 1740 388 1804 multitudo
399 1740 563 1803 devotionis
571 1744 667 1822 gratia
676 1744 810 1824 confluit,
823 1747 1026 1827 spiritualibus
1034 1748 1286 1827 indulgentiarum

140 1840 522 1917 muneribusdecoramus,
540 1847 575 1901 ut
585 1841 811 1905 indelidelium
824 1844 1036 1907 defunctorum
1050 1846 1155 1909 anima
1167 1847 1285 1909 Domini

137 1938 236 2000 Nostri
249 1940 320 1998 lesu
329 1935 435 1998 Christi
446 1981 453 2009 ‚
464 1936 589 2016 ejusque
602 1939 781 2001 Sanctorum
791 1941 934 2021 consequi
944 1943 1121 2004 meritorum
1131 1943 1284 2022 suffragia,

134 2041 166 2095 et
183 2035 240 2097 illis
252 2034 359 2114 adjuta
372 2053 390 2095 e
403 2033 570 2112 Purgatorii
590 2035 685 2115 poeuis
701 2037 740 2098 ad
756 2047 899 2118 aeternam
913 2039 1042 2101 salutem
1060 2059 1114 2119 per
1132 2041 1185 2102 Dei
1200 2041 1287 2102 mise-

135 2134 298 2196 ricordiam
308 2133 432 2215 perduci
444 2134 574 2195 valeant.
590 2134 864 2215 Supplicationibus
877 2134 995 2216 itaque,
1010 2136 1195 2199 Venerabilis
1209 2139 1286 2201 Fra·
1398 2202 1400 2206 Α

133 2233 188 2295 tris
203 2231 381 2312 sigismundi
395 2231 600 2312 Christophori
615 2231 830 2312 archiepiscopi
843 2232 1073 2314 salisburgensis
1088 2232 1181 2295 Nobis
1195 2253 1286 2316 super

136 2332 194 2393 hoc
204 2330 350 2412 porrectis
364 2329 513 2400 inclinati,
526 2330 658 2391 volentes
680 2329 838 2391 ecclesiam
855 2330 885 2390 in
900 2331 1006 2392 Ellend
1017 2330 1122 2408 sitam,
1137 2330 1188 2392 ubi
1208 2332 1285 2392 cele-

134 2430 197 2491 bris
211 2429 409 2492 sanctissima
429 2428 528 2490 Mariae
539 2427 668 2508 Virginis
688 2427 802 2508 effigies
818 2435 997 2505 asservatur,
1016 2435 1046 2501 et
1067 2427 1186 2506 colitur,
1208 2446 1286 2490 con-

17 2574 24 2587 .
135 2525 247 2588 fluente
259 2525 420 2607 quotannis
433 2526 594 2606 plusquam
607 2524 729 2605 triginta
746 2524 840 2586 millia
854 2525 1079 2606 peregrinorum
1093 2525 1285 2587 multitudine

120 2620 173 2685 ab
187 2622 293 2684 eodem
307 2622 484 2683 Venerabile
505 2624 608 2683 Fratre
621 2640 677 2701 pro
698 2640 754 2682 sua
769 2621 880 2702 pietate
895 2640 930 2683 ac
942 2620 1101 2688 devotione
1115 2621 1283 2699 visitatam,

16 2722 20 2728 '
133 2724 163 2778 et
175 2719 300 2780 solemni
312 2718 372 2779 ritu
381 2725 603 2795 consecratam,
617 2736 653 2779 ac
666 2717 832 2796 parochiali
845 2718 977 2778 ecclesia
990 2717 1192 2783 Embachensi
1210 2720 1285 2779 suh-

133 2816 263 2892 jectam,
282 2821 313 2875 et
330 2815 361 2875 in
380 2833 417 2876 ea
437 2815 528 2874 situm
547 2815 650 2875 Altare
670 2813 792 2893 speciali
813 2812 895 2874 douo
918 2814 1083 2890 illustrare,
1107 2814 1285 2875 auctoritate

134 2913 229 2974 Nobis
243 2932 261 2974 a
272 2914 400 2974 Domino
410 2898 537 2987 tradita,
551 2930 586 2972 ac
595 2911 633 2973 de
646 2910 860 2990 omnipotentis
873 2910 926 2971 Dei
934 2911 1140 2972 misericordia
1149 2957 1158 2989 ,
1166 2920 1197 2972 et
1209 2914 1284 2971 Bea-

135 3016 237 3071 torum
248 3009 328 3070 Petri
337 3015 369 3070 et
380 3008 464 3070 Pauli
476 3008 692 3088 Apostolorum
703 3007 769 3084 ejus
783 3004 960 3067 auctoritate
970 3005 1090 3083 conlisi,
1103 3014 1136 3067 ut
1145 3006 1285 3087 quando-

130 3131 265 3194 cumque
283 3112 422 3174 sacerdos
434 3110 540 3192 aliquis
551 3108 710 3184 secularis,
721 3106 770 3169 vel
781 3106 999 3186 cujuscumque
1013 3105 1141 3183 ordinis,
1156 3123 1284 3186 congre-

136 3213 265 3293 gationis
293 3219 323 3274 et
342 3211 473 3273 lustituti
494 3208 637 3290 regularis
665 3212 891 3275 sacrosanctum
911 3207 1007 3270 Missae
1028 3207 1210 3269 sacrificium
1227 3227 1284 3289 pro

137 3313 238 3375 anima
250 3312 468 3391 cujuscumque
487 3306 595 3369 Christi
608 3306 719 3383 fidelis,
734 3325 800 3386 quae
816 3309 878 3367 Deo
893 3305 924 3366 iu
936 3304 1061 3367 caritate
1072 3307 1234 3384 coniuncta
1246 3306 1284 3368 ab

137 3410 194 3470 hac
212 3410 279 3470 luce
292 3407 480 3487 migraverit,
498 3405 537 3466 ad
555 3402 762 3485 supradictum
779 3402 881 3463 Altare
898 3400 1078 3479 celebrabit,
1098 3401 1199 3463 anima
1219 3400 1284 3481 ipsa

138 3505 175 3566 de
186 3504 328 3567 thesauro
339 3504 476 3566 Ecclesia
484 3522 538 3584 per
549 3501 675 3564 modum
686 3500 820 3581 sullragii
831 3499 1047 3588 indulgentiam
1060 3504 1281 3580 consequatur3

135 3602 212 3662 itaut
234 3599 370 3677 ejusdem
392 3599 511 3661 Domini
531 3598 631 3662 Nostri
652 3600 723 3659 lesu
744 3598 870 3676 Christi,
895 3616 930 3658 ac
952 3593 1134 3659 Beatissimae
1155 3593 1285 3674 Virginis

133 3696 233 3760 Maria
245 3697 483 3776 Sanctorumque
497 3696 632 3757 omnium
645 3693 760 3755 meritis
771 3693 824 3754 tibi
839 3693 1073 3774 suifragantibus
1085 3713 1104 3755 a
1119 3689 1283 3773 purgatorii

126 3796 230 3877 -poenis
241 3795 395 3871 liberetur,
410 3793 602 3856 concedimus
612 3798 642 3854 et
653 3791 853 3871 indulgemus.
867 3793 901 3853 ln
911 3791 1097 3854 contrarium
1106 3787 1284 3852 iacientibus
1310 3824 1311 3827 =

138 3908 198 3952 uon
220 3889 411 3952 obstantibus
433 3888 671 3970 quibuscumque
689 3887 883 3968 praesentibus
903 3885 1181 3969 perpetuis-suturis
1210 3889 1285 3944 tem·

119 3987 262 4066 *poribus
272 3985 418 4049 valituris.
435 3988 549 4048 mtrem
566 3988 684 4057 nomo,
704 3994 775 4055 etc„
792 3988 841 4047 dio
862 3997 897 4046 10
912 3987 1078 4049 novembris
1095 3980 1285 4073 1770,me-

140 4084 269 4160 tifirvtvr
280 4089 377 4146 nostri
388 4102 469 4163 ariao
482 4084 622 4145 macodo.

621 4243 804 4257 m
