3188 5414
175 477 182 491 ⁸
226 496 275 543 aaa
538 547 540 553 ,
653 481 853 536 causianis
872 481 937 533 xiv

222 606 288 656 inm
305 573 526 652 inscribendum
547 590 602 648 erit
623 590 652 648 S.
669 587 747 647 Petri
768 594 798 647 et
812 587 895 646 l‘auli
916 591 946 645 et
964 583 1212 646 commemoratio
1232 583 1375 646 ommam

222 688 454 770 Apostolorum,
476 705 510 747 ac
524 694 587 747 tam
602 685 632 745 in
653 684 753 746 ollicio
767 702 858 764 quam
873 684 903 743 iu
922 681 1010 744 Missa
1029 681 1156 742 addetur
1174 682 1375 743 Commemo-

154 772 158 784 “
221 785 298 845 ratio
318 784 356 845 de
376 784 529 844 communi
548 782 779 863 Apostolorum,
796 780 844 841 die
858 799 929 841 vero
952 793 988 841 aa
1003 779 1171 841 decembris
1191 779 1233 839 ita
1248 788 1376 841 notetur

224 885 332 942 t'estum
347 883 377 942 S.
401 880 544 962 Stephani
557 880 803 959 protomartyris,
816 885 845 938 et
860 877 1115 938 commemoratio
1128 875 1263 937 omnium
1281 894 1375 936 sanc-

222 965 322 1051 torum
333 981 510 1058 Martyrum,
526 997 561 1038 ac
573 987 636 1038 tam
651 977 680 1037 in
693 976 794 1037 ollicio
805 995 897 1055 quarn
911 977 940 1036 in
953 975 1043 1036 Missa
1058 973 1196 1035 addenda
1209 972 1373 1037 erit,Com-

221 1077 399 1138 memoratio
411 1077 448 1137 de
456 1077 607 1136 communi
619 1073 818 1155 plurimorum
828 1076 1005 1154 Martyrum.
1019 1075 1087 1134 Hac
1100 1074 1172 1150 Nos,
1183 1072 1373 1135 Venerabilis

221 1176 334 1250 Frater,
346 1191 406 1235 non
425 1175 524 1235 minus
536 1173 739 1254 spiritualem,
752 1190 844 1252 quam
856 1173 1054 1252 temporalem
1075 1156 1157 1232 istius
1169 1171 1274 1251 populi
1287 1171 1372 1232 utili-

220 1277 313 1333 tatem
329 1273 477 1334 intuentes
493 1270 653 1332 sancienda
666 1268 953 1348 essejudicavimus3
969 1269 999 1328 in
1009 1287 1071 1348 quo
1080 1267 1245 1349 plurimum
1254 1267 1372 1332 sollici-

219 1360 392 1448 tudini,*ac
413 1372 555 1452 pastorali
576 1370 732 1450 vigilantia
763 1376 820 1430 tuac
846 1367 1040 1443 confidimus,
1065 1366 1115 1445 qui
1140 1365 1213 1427 illud
1232 1365 1371 1445 profecto

221 1469 396 1546 sedulitate,
419 1469 578 1548 studioque
593 1475 646 1529 tuo
667 1467 794 1543 efficies,
815 1465 938 1545 nequid
955 1465 1084 1526 edivino
1102 1454 1185 1526 cultu
1197 1463 1370 1529 detractum

220 1567 311 1628 rideri
324 1568 433 1647 possit,
446 1565 499 1629 sed
513 1586 573 1646 quo
584 1569 681 1627 minor
694 1565 838 1628 festorum
852 1563 970 1624 dierum
990 1549 1087 1622 lactus
1098 1568 1144 1622 est
1156 1579 1302 1622 numerus
1312 1607 1320 1638 ,
1332 1580 1371 1623 eo

220 1664 316 1742 major
333 1664 371 1724 sit
390 1665 419 1724 in
438 1666 620 1746 populorum
645 1663 751 1724 animis
768 1663 888 1743 pietatis
908 1661 1006 1722 fervor
1025 1679 1061 1722 ac
1084 1660 1215 1721 devotio.
1239 1660 1371 1723 Proinde

220 1761 410 1822 vehementer
422 1763 560 1842 cupimus
575 1762 654 1822 acin
669 1760 795 1820 Domino
809 1758 1038 1819 Fraternitatem
1051 1764 1135 1819 tuam
1148 1757 1320 1835 hortamur,
1335 1767 1369 1821 ut

118 1881 120 1887 ¹
219 1860 349 1941 Populos
374 1861 425 1922 tibi
441 1862 618 1923 commissos
636 1859 793 1938 diligenter
807 1855 975 1918 edocendos
995 1873 1098 1931 cures,
1119 1873 1186 1934 quac
1200 1854 1239 1915 ad
1253 1856 1369 1933 justam

220 1956 440 2040 legitimamque
461 1947 577 2021 dierum
598 1959 744 2020 festorum
758 1954 989 2016 celebrationem
1000 1953 1152 2033 pertinent
1161 1997 1170 2029 ,
1185 1970 1246 2032 quo
1261 1952 1370 2015 ardore

218 2072 337 2135 quaque
348 2056 516 2118 humilitate
529 2057 651 2137 spiritus
663 2055 781 2117 adstare
801 2053 995 2114 Sanctissimo
1010 2051 1121 2112 Altaria
1133 2051 1292 2129 sacrificio,
1308 2071 1369 2133 quo

217 2152 332 2230 stadio,
343 2172 403 2234 qua
415 2154 580 2235 frequentia
590 2153 700 2215 divinis
710 2151 827 2226 officiis,
843 2150 936 2212 sacris
947 2149 1142 2210 concionibus
1152 2155 1183 2209 et
1195 2148 1368 2210 Christiana
1393 2211 1395 2214 .

218 2251 359 2312 doctrina
377 2252 612 2313 institutionibus
621 2252 767 2323 interesse
780 2249 924 2325 debeant,
938 2257 969 2309 et
982 2266 1020 2309 nc
1039 2267 1093 2329 per
1108 2267 1160 2310 eos
1180 2249 1245 2310 dies
1258 2250 1366 2312 Christi

219 2344 351 2405 tidelium
371 2347 462 2408 corda
476 2354 636 2427 graventur
651 2347 773 2426 crapula
794 2353 824 2406 et
835 2346 994 2421 ebrietate,
1011 2353 1042 2406 et
1054 2346 1238 2408 secularibus
1249 2347 1368 2427 cogita-

217 2440 360 2518 tionibus
371 2460 469 2522 quam·
477 2443 734 2522 diligentissimam
744 2461 867 2522 operam
876 2441 948 2502 dare
960 2442 1094 2519 debebis,
1106 2450 1140 2503 ut
1150 2443 1278 2523 prolana
1289 2463 1367 2525 quae·

219 2555 295 2618 que,
311 2540 441 2618 lubrica,
456 2548 486 2602 et
500 2541 599 2602 minus
613 2541 750 2624 religiosa
769 2530 928 2620 apublicis
943 2540 1017 2601 locis
1033 2549 1244 2618 amoveaptur5
1260 2550 1368 2603 contra

116 2630 120 2638 ’
217 2657 288 2700 aero
308 2640 337 2700 in
351 2647 514 2722 conspectu
528 2641 578 2701 illa
592 2641 665 2716 sint,
684 2638 862 2719 abundeque
876 2645 1054 2717 suppetant,
1067 2658 1133 2718 quae
1147 2639 1187 2700 ad
1206 2638 1368 2701 fovendam

218 2737 409 2801 devotionem
430 2740 632 2821 pietatemque
656 2737 820 2819 plurimum
842 2737 984 2818 prodesse
1006 2740 1133 2818 possint.
1153 2742 1223 2815 Quae
1242 2741 1369 2821 quidem

218 2840 327 2897 cuncta
339 2855 355 2897 a
369 2844 525 2917 perspecta
536 2835 678 2917 pastorali
694 2834 850 2896 sedulitate
862 2841 917 2904 tua
925 2835 1018 2895 Nobis
1030 2837 1160 2897 marinae
1172 2837 1367 2917 pollicentes,

218 2931 247 2991 in
261 2933 419 3017 Pontificius
434 2935 566 2996 caritatis
580 2935 688 3015 pignus
705 2934 901 3014 apostolicam
909 2934 1148 2996 benedictionem
1158 2935 1224 3013 tibi,
1235 2939 1369 2999 licuera-

217 3028 283 3090 bilis
296 3031 411 3109 Frater,
433 3040 550 3113 tuacque
565 3032 632 3093 lidei
655 3033 815 3093 commisso
828 3032 944 3113 Populo
957 3040 1148 3112 peramanter
1160 3034 1365 3114 impertimur.

217 3129 328 3186 Datum
339 3131 449 3201 lione,
463 3139 530 3206 etc,
546 3132 596 3190 die
608 3142 643 3191 22
654 3133 739 3206 panii
756 3141 842 3216 titt,
851 3133 1044 3208 pontificatus
1058 3135 1247 3192 uostntopuo
1262 3138 1362 3194 tertio.

180 3323 184 3333 ,
253 3273 353 3326 Eodem
373 3277 518 3348 Exemplo:
543 3276 749 3347 archiepiscopo
771 3276 954 3343 ltlebliniensi,
973 3275 1184 3351 archiepiscopo
1202 3276 1365 3345 Goritiensi‚

217 3360 351 3431 Episcopo
365 3365 568 3431 Naustadicnsi,
582 3363 715 3435 Episcopo
728 3365 863 3435 agriensi,
875 3367 1008 3436 Episcopo
1024 3368 1214 3435 Csanadiensi,
1231 3368 1369 3443 Episcopo

216 3447 360 3517 lauriensi,
374 3451 508 3523 Episcopo
518 3452 794 3523 Quinquecclesiensi,
808 3455 941 3526 Episcopo
954 3457 1121 3526 Varadiensi,
1132 3460 1267 3532 Episcopo
1279 3465 1365 3518 Vesz·

216 3536 363 3607 primieusi,
377 3541 511 3612 Episcopo
523 3541 676 3612 Nittriensi,
687 3542 822 3615 Episcopo
834 3543 1017 3617 Zagrabiensi,
1027 3548 1158 3619 Episcopo
1171 3551 1304 3605 Bosaensi
1314 3566 1365 3608 seu
1416 3576 1421 3588 ·

217 3624 440 3695 Dealmvariensi,
458 3629 591 3701 Episcopo
606 3629 842 3702 Transylvaniensi
853 3674 860 3700 ,
873 3634 1006 3707 Episcopo
1017 3635 1210 3702 Olumuc'easi,
1228 3638 1368 3711 Episcopo

216 3714 381 3784 Tergestiuo,
400 3717 531 3789 Episcopo
543 3717 693 3789 segniensu
707 3719 839 3792 Episcopo
851 3722 1050 3792 Antverpimsi,
1068 3721 1202 3794 Episcopo
1214 3725 1365 3797 Brugensi,

215 3804 346 3876 Episcopo
360 3806 475 3896 iprensi,
486 3809 621 3879 Episcopo
632 3808 858 3865 Ruremundano.

250 3928 430 4010 Sequentibus
445 3955 507 3995 vero
521 3939 659 4012 Episcopis
671 3957 720 4012 pro
736 3939 840 3995 lineatis
860 3941 948 4012 primo
969 3941 1027 3996 loco
1048 3941 1191 3998 scribatur
1205 3949 1247 4001 'uc
1261 3945 1368 4018 fideles

216 4027 329 4098 Populi,
344 4031 433 4097 ipsius
447 4031 553 4083 Ditioni
564 4029 696 4098 sabjecti,
710 4036 737 4084 et
749 4028 927 4099 probaretis,
937 4028 1056 4085 secundo
1066 4029 1136 4095 loco,
1151 4032 1277 4088 urin-us
1288 4036 1367 4092 υἱω-

119 4168 124 4177 ,
216 4120 283 4170 resia
309 4123 363 4172 ture
378 4117 459 4181 locis,
481 4119 527 4187 qui
542 4120 651 4171 Ditiont
669 4120 828 4172 Austciacac
848 4117 973 4174 subsunt.
992 4118 1208 4191 arcnnpiscopo
1225 4121 1365 4180 salisbur-

215 4204 300 4271 gensi,
312 4207 442 4278 Episcopo
452 4210 622 4274 augustano,
633 4205 767 4277 Episcopo
775 4206 951 4276 Erisingensi,
961 4200 1092 4279 Episcopo
1101 4207 1367 4284 Tridentiumlipis-

189 4362 197 4386 Ι
216 4305 283 4361 copo
293 4295 424 4361 Curiensi,
436 4294 569 4367 Episcopo
580 4296 747 4364 Cbicurersi,
762 4298 902 4368 Episcopo
912 4301 1103 4366 pesauriensi,
1115 4302 1256 4370 Episcopo
1265 4305 1366 4357 Brixa

216 4383 306 4450 naosi,
316 4384 449 4457 Episcopo
461 4382 688 4452 Wratislaviensi,
698 4386 832 4458 Episcopo
841 4386 998 4455 Basilcensi,
1011 4389 1143 4459 Episcopo
1154 4385 1361 4455 liatisbonansi.

217 4471 285 4522 laem
298 4470 474 4541 sequentibus
490 4487 538 4542 pro
549 4471 656 4528 linealis
668 4473 756 4544 primo
769 4473 829 4529 loco
843 4473 988 4542 scribatur.
1003 4479 1037 4530 uc
1048 4476 1146 4538 deletes
1159 4466 1365 4554 Populilip'sius
