3188 5414
220 529 255 578 ‘dtl
651 520 852 575 ctunlnn'ns
869 520 936 581 XIV

220 629 314 690 Maria
335 627 464 688 Antonia
481 624 639 688 arcinduce
655 628 782 689 dustria
802 626 922 707 nuptias
938 624 991 687 tibi
1005 623 1240 704 impertiremur,
1261 624 1369 689 moen

220 743 300 787 nuno
319 724 465 801 majorem
490 723 519 784 in
539 721 666 784 modurn
687 725 892 801 cumulamus,
914 723 989 785 dum
1011 722 1076 784 illas
1100 720 1259 802 auspicato
1280 721 1371 788 intras

218 821 353 882 maximo
363 819 560 898 jucunditatis
575 839 611 882 ac
624 821 832 900 gratulationis
845 827 953 884 nostra
973 839 1077 899 sensu,
1092 820 1187 901 iisque
1208 822 1370 903 prosequu-

219 938 288 981 mur
301 918 394 996 votis,
408 938 473 999 quae
485 919 524 980 ad
538 925 637 996 tuam,
652 919 848 982 Dilectissime
864 919 894 981 in
908 920 1024 982 Christo
1033 919 1076 981 iili
1087 925 1202 998 noster,
1217 925 1369 1000 tantaque

219 1019 349 1092 Domus,
365 1033 400 1077 ac
418 1015 548 1077 universi
561 1016 660 1095 gallici
680 1018 763 1097 regni
778 1017 951 1080 felicitatem
968 1024 1054 1080 tanto
1067 1016 1163 1098 rnags
1176 1036 1197 1080 a
1208 1017 1304 1080 Nobis
1315 1037 1369 1082 re-

217 1113 365 1191 feruntur,
379 1132 440 1194 quo
452 1114 610 1175 certiorem
622 1114 691 1176 inde
706 1115 934 1196 uberioremque
947 1114 1086 1178 Ecclesiae
1093 1115 1256 1177 utilitatem
1269 1132 1369 1194 augu-

218 1231 332 1274 ramur.
349 1211 383 1273 ld
404 1229 442 1274 ex
463 1219 517 1273 tna
537 1212 568 1273 in
591 1214 667 1287 Nos,
689 1231 724 1273 ac
746 1213 777 1273 in
801 1212 1000 1294 apostolicam
1023 1211 1125 1274 sedem
1146 1211 1260 1292 pietate
1275 1210 1369 1273 Nobis

217 1309 412 1373 vehementer
426 1309 614 1389 pollicemur.
628 1309 721 1371 Enixa
729 1309 830 1390 itaque
840 1329 858 1371 a
867 1310 918 1372 bei
930 1310 1040 1391 Optimi
1051 1309 1174 1373 Maximi
1183 1310 1369 1390 benignitate

217 1406 422 1484 postulamus,
437 1412 472 1467 ut
496 1413 563 1468 rata
584 1407 643 1468 sint
665 1406 837 1486 hujusmodi
852 1413 957 1488 optata
974 1414 1095 1485 nostra,
1117 1413 1209 1488 atquc
1226 1407 1293 1469 brac
1304 1413 1369 1469 tarn

217 1502 360 1581 preclara
371 1501 455 1564 initia
465 1503 715 1567 luculentioribus
725 1504 756 1566 in
770 1504 833 1567 dies
845 1511 954 1567 nostra
963 1505 1002 1567 do
1015 1512 1046 1567 te
1062 1505 1262 1584 jucunditatis
1275 1504 1370 1568 incre

217 1599 326 1660 mentis
345 1598 543 1679 excipiantur.
565 1600 638 1678 Ejus
660 1600 786 1681 proinde
807 1602 931 1663 calestia
950 1602 1053 1682 gratie
1077 1602 1217 1682 largitate
1237 1601 1369 1663 maxime

216 1697 351 1759 roborati
367 1697 506 1779 cupimus
523 1716 591 1760 eam
611 1698 868 1775 benedictionem,
889 1716 982 1779 quarn
996 1699 1026 1761 in
1048 1716 1162 1761 novum
1178 1717 1215 1759 ac
1234 1697 1370 1760 certissi-

217 1811 302 1855 mum
317 1793 476 1874 pontificia
489 1793 623 1856 caritatis
640 1795 749 1875 pignus
767 1795 838 1872 tibi,
858 1795 1053 1857 Dilectissimo
1066 1795 1097 1857 in
1110 1794 1229 1856 Christo
1239 1794 1283 1855 fili
1299 1813 1369 1856 nos-

216 1900 274 1964 ter,
301 1893 407 1956 intimo
427 1894 545 1975 paterni
571 1894 668 1956 cordis
692 1911 781 1958 seusu
802 1895 1006 1956 amantissime
1027 1893 1228 1975 impertimur.
1255 1895 1368 1954 Datum

218 1994 327 2063 Romu,
341 1997 412 2063 etc„
427 1993 477 2053 die
493 2003 529 2054 30
540 1997 615 2054 moia·
628 2004 714 2070 17⁷0,
721 1995 916 2072 pontificatus
932 1995 1118 2053 nostrionoo
1131 1989 1273 2051 meando.

701 2113 883 2132 -·-·--·v··

623 2235 628 2245 '
709 2222 870 2292 Lxxxn.

479 2380 649 2422 marasiam
672 2382 704 2422 m
730 2380 861 2423 cnarsro
886 2380 968 2422 ximo
989 2379 1107 2422 nosrao
1187 2370 1190 2375 ’

239 2490 244 2500 “
327 2483 525 2546 LUDOVIGO
539 2483 777 2546 FRANCORUM
798 2484 894 2544 REGI
916 2481 1255 2545 CHRISTIANISSIMO

531 2607 767 2687 CLEMENS
792 2610 922 2686 PAPA
950 2608 1057 2686 XIV.

1028 2762 1122 2816 Romae,
1135 2764 1149 2807 o
1160 2757 1220 2820 iunii
1235 2760 1305 2825 1770.

220 2900 222 2904 ψ
261 2855 433 2930 Carissimo,
455 2869 510 2922 etc.
527 2863 623 2936 Qum
638 2863 668 2924 in
683 2869 800 2943 partem
811 2864 917 2926 latitia
938 2871 997 2926 tu'ae
1014 2865 1076 2926 Nos
1095 2879 1198 2938 vocas,
1220 2859 1296 2923 darm
1313 2877 1372 2923 ce-

218 2957 348 3019 lobratas
363 2975 430 3018 esse
444 2957 594 3037 significas
607 2960 862 3040 auspicatissimos
873 2960 994 3041 nuptias
1007 2958 1191 3023 dilectissimi
1205 2956 1238 3018 in
1249 2956 1375 3020 Christo

218 3056 271 3116 tilii
282 3055 377 3117 nostri
387 3055 529 3118 Ludovici
541 3057 667 3136 Augusti
681 3058 846 3121 Galliarum
856 3058 993 3139 Delphini
1005 3057 1123 3138 nepotis
1136 3055 1181 3118 tui
1191 3071 1263 3117 cum
1279 3046 1376 3116 dilac-

219 3151 334 3212 tissima
346 3150 417 3213 item
428 3152 459 3213 in
473 3151 592 3216 Christo
603 3152 662 3216 iilia
679 3161 782 3215 nostra
798 3155 892 3215 Maria
903 3153 1035 3217 Antonia
1050 3150 1210 3217 archiduce
1222 3148 1375 3224 assatae,

219 3247 262 3309 ita
280 3248 387 3309 eadem
406 3247 505 3309 allecti
520 3266 636 3325 sumus,
648 3255 682 3312 ut
699 3267 759 3310 non
775 3250 871 3329 magis
887 3249 939 3310 tibi
945 3296 952 3327 ,
965 3268 1057 3330 qnam
1071 3248 1164 3310 Nobis
1173 3245 1245 3326 ipsis
1256 3249 1376 3322 gratu-

218 3344 326 3422 lemur,
345 3344 396 3424 qni
421 3344 532 3406 eximio
551 3363 587 3405 ac
599 3346 688 3424 plane
707 3353 834 3426 paterno
855 3346 953 3408 studio
974 3354 1004 3408 te
1028 3352 1140 3427 tuaque
1163 3339 1264 3405 omnia
1285 3358 1377 3402 conr-

219 3439 388 3520 plectimur.
404 3443 550 3502 demtum
562 3440 738 3508 inchoatum
750 3443 808 3505 hoe
825 3444 855 3504 in
870 3443 962 3504 Nobis
975 3442 1120 3524 gaudium
1131 3439 1204 3511 fnit,
1219 3454 1291 3500 cum
1307 3437 1374 3498 inr-

218 3523 425 3618 pedimeutnnr
452 3537 490 3598 ad
508 3537 728 3600 contrahendas
747 3540 802 3602 lias
824 3540 946 3621 nuptias
965 3538 1130 3620 apostolica
1146 3533 1375 3614 dispensatione

220 3655 458 3715 removeremus,
471 3654 552 3697 nnnc
566 3654 636 3698 vero
652 3656 723 3699 enm
740 3639 771 3701 in
784 3639 910 3705 modum
925 3646 1048 3702 auctum
1059 3645 1089 3700 et
1103 3639 1293 3700 cumulatum
1311 3644 1373 3713 cst,

220 3742 253 3798 ut
276 3736 327 3798 Dei
348 3736 459 3816 Optimi
483 3735 606 3798 Maximi
622 3736 805 3816 benignitate
824 3737 971 3817 plurimas
988 3736 1155 3798 referamus
1176 3733 1296 3796 dehac
1318 3739 1375 3796 tua

220 3834 323 3914 tuique
343 3832 436 3912 Regni
457 3832 598 3895 felicitate
618 3833 740 3913 gratias,
764 3834 965 3916 eumdemque
984 3834 1078 3898 etiam
1105 3831 1192 3894 enixe
1212 3848 1376 3911 precemur

219 3939 379 4013 perpetuas
399 3949 463 3991 esse
485 3929 555 3992 velit
570 3930 744 4009 buJ'nsmodi
765 3931 819 3992 tibi
837 3932 988 4013 Nobisque
1000 3930 1120 3993 laetundi
1137 3947 1254 3991 causas.
1277 3928 1376 4009 Cupi-

208 4049 289 4107 mns
302 4029 425 4111 quidem
445 4030 518 4105 Nos,
534 4028 692 4091 Carissimo
711 4029 742 4090 in
754 4029 871 4093 Christo
886 4031 928 4094 fili
948 4037 1062 4106 noster,
1075 4028 1166 4110 idque
1178 4026 1375 4089 vehementer

220 4130 361 4207 petimus,
378 4128 486 4208 etipse
500 4127 662 4188 celestium
680 4127 927 4207 Benedictionum
940 4127 1060 4208 copiam
1073 4143 1163 4206 super
1174 4123 1376 4205 regiosspon-

221 4244 271 4286 sos
282 4225 429 4304 effundat,
440 4224 731 4306 atqneeopraecipne
743 4226 930 4303 Maiestatem
941 4228 1039 4286 Tuam
1049 4219 1376 4287 nouitatissnanuetu

222 4325 370 4402 cumulet,
388 4331 422 4386 ut
434 4342 500 4404 quaa
516 4322 633 4402 prima,
658 4329 689 4384 et
707 4321 862 4403 potissima
879 4329 966 4400 sunt,
986 4339 1021 4382 ac
1040 4336 1196 4401 nunquam
1215 4316 1376 4380 interitura

214 4419 318 4497 bona,
333 4424 438 4484 cadem
453 4421 505 4483 tibi
520 4422 681 4498 uberrime,
699 4439 734 4481 ac
750 4420 1065 4500 locupletissimorum
1086 4422 1254 4480 ceterorum
1266 4431 1377 4477 actes

224 4517 305 4579 sione
320 4519 470 4598 largiatur.
493 4501 557 4582 Hoc
587 4519 675 4580 animi
697 4519 791 4581 nostri
809 4536 897 4580 sensu
916 4515 1096 4578 luculentius
1115 4520 1247 4594 paterne
1266 4513 1378 4594 singn-
