3188 5414
606 506 834 562 DOCUMENTA
852 509 974 563 vante.
1272 585 1274 588 y
1316 518 1375 567 381·

218 615 289 671 suut
307 608 440 688 ejusdem
460 608 562 685 minae,
578 610 686 689 quibus
697 611 882 691 privaturam
894 630 926 673 se
938 631 1004 673 esse
1020 612 1172 675 universos
1186 615 1298 678 Russiae
1311 619 1366 678 Ca-

219 708 347 769 tbolicos
371 708 451 786 regio
473 708 640 788 patrocinio
656 728 712 769 suo
728 708 950 786 denunciabat,
968 709 992 770 si
1010 711 1070 771 Nos
1086 706 1263 773 Maliensem
1278 716 1368 795 Epis-

218 827 330 890 copum
340 805 619 887 Arcbiepiscopatus
625 807 725 884 titula,
737 807 980 869 etPalliihonore
986 807 1130 869 decorare
1137 808 1367 890 distulissemus,

218 904 273 966 uisi
287 905 370 985 prius
384 903 432 965 ille
446 900 554 980 Nobis,
575 909 665 982 prout
678 904 938 982 postulaveramus
957 902 1156 979 satisfecisset.
1174 904 1252 967 Hinc
1267 924 1369 969 neces·

218 999 296 1061 sario
316 998 429 1059 inducti
451 997 602 1076 religionis
619 997 713 1078 ipsius
730 1017 840 1076 causa,
864 1016 900 1059 ac
914 1005 979 1060 tam
993 1006 1075 1060 certo
1095 999 1264 1087 animarum
1285 1003 1369 1084 peri·-

218 1100 302 1176 culo,
320 1098 429 1178 quibus
442 1096 538 1158 facilis
556 1102 634 1159 esset
653 1097 685 1158 in
704 1097 890 1178 apostasiam
908 1097 1061 1178 prolapsio
1078 1097 1228 1159 remittere
1246 1118 1371 1180 prorsus

218 1215 284 1258 eam
296 1196 393 1277 ipsam
404 1193 653 1271 satisfactionem,
667 1214 760 1276 quam
774 1214 792 1256 a
804 1193 937 1256 Maliensi
948 1194 1144 1274 petebamus,
1155 1214 1306 1277 quamque
1321 1199 1370 1261 ille

217 1292 289 1353 dare
308 1291 535 1373 prohibebatur,
559 1290 734 1369 debuimus3
752 1291 784 1352 in
804 1310 864 1372 quo
880 1290 953 1351 illud
968 1291 1219 1372 existimavimus,
1238 1296 1310 1355 satis
1326 1314 1371 1356 re-

219 1388 393 1450 missionem
401 1386 586 1448 bancNobis
595 1388 719 1468 pensari·
725 1387 909 1452 couscientia
920 1388 1185 1470 nostra,bonaque
1196 1388 1267 1467 tide,
1277 1409 1370 1471 quam

219 1504 323 1549 coram
338 1484 479 1547 omnibus
493 1483 532 1545 ad
543 1484 633 1563 bajus
646 1484 795 1548 catbedrae
809 1486 958 1550 tuendum
969 1485 1076 1564 decus,
1094 1487 1218 1567 eJusque
1231 1485 1377 1551 decreta.

218 1605 288 1648 rum
303 1585 516 1647 auctoritatem
528 1584 735 1648 sustinendam
746 1584 875 1666 probare
884 1586 948 1646 Nos
965 1602 1057 1664 posse
1071 1583 1170 1646 eidem
1185 1587 1370 1667 imperatrici

218 1683 298 1745 iniis
316 1679 434 1742 Litteris
449 1680 561 1742 nostris
579 1686 684 1761 aperte
703 1680 933 1742 declaravimus.
950 1679 994 1739 Ex
1006 1679 1116 1759 quibus
1132 1688 1214 1742 certe
1232 1681 1370 1745 dubitare

220 1795 280 1838 nou
293 1794 472 1857 possumus,
486 1775 556 1855 quin
568 1794 748 1856 persuasum
763 1777 831 1837 Tibi
845 1777 991 1857 planeque
1002 1782 1193 1856 perspectum
1209 1777 1265 1849 sit,
1278 1797 1372 1859 quam

219 1873 334 1949 invitis,
352 1890 503 1954 quamque
514 1872 581 1955 ipsa
592 1873 768 1934 necessitate
779 1873 930 1935 obstrictis
944 1872 1164 1935 deveniendum
1176 1875 1268 1937 Nobis
1278 1879 1380 1940 etiam.

220 1971 259 2032 sit
277 1969 316 2033 ad
331 1978 514 2034 memoratos
526 1978 556 2033 et
576 1970 851 2050 archiepiscopatus
865 1977 895 2031 et
913 1970 997 2032 Pallii
1009 1970 1139 2033 bonores
1151 1973 1286 2035 Maliensi
1297 1993 1381 2036 con-·

221 2069 368 2132 ferendos.
390 2071 454 2144 Quo
469 2069 536 2150 ipso
547 2074 602 2149 per
612 2075 641 2129 te
653 2067 817 2146 intelligas,
829 2067 881 2147 qui
893 2068 987 2128 nostri
998 2085 1104 2129 sensus
1114 2068 1184 2146 sint,
1196 2088 1274 2150 quos
1289 2089 1372 2133 nunc

220 2169 372 2244 Majestati
387 2170 458 2228 Tae
479 2166 578 2228 adbuc
596 2165 692 2245 magis
711 2164 891 2227 confirmare
909 2164 1105 2246 suscipimus,
1127 2185 1198 2238 cum
1211 2188 1231 2229 a
1254 2173 1372 2234 Dilecto

221 2266 302 2325 Filio
318 2266 421 2326 Nobili
443 2268 510 2325 Viro
523 2265 639 2324 maaca
663 2262 701 2323 de
722 2263 866 2326 Noroalra
881 2268 1021 2326 ministro
1038 2271 1089 2327 tao
1100 2270 1371 2348 pleaipoleatiario

221 2362 449 2440 cognoverimus
465 2365 507 2423 Te
523 2363 613 2423 valde
632 2380 758 2440 capere,
781 2363 911 2425 allieas
934 2369 969 2424 ia
988 2365 1110 2426 modam
1130 2372 1228 2428 ommis
1247 2373 1372 2432 sinistra

220 2464 359 2538 suspicio,
372 2464 401 2518 si
410 2477 468 2537 qaa
480 2459 551 2519 iride
563 2463 595 2518 ia
606 2461 747 2537 iquorem
756 2460 863 2538 ualuas
872 2461 1032 2538 prodierit,
1044 2467 1091 2523 ita
1097 2463 1201 2541 disjici
1212 2467 1372 2538 reiectat
1395 2462 1397 2465 ’
1459 2539 1461 2545 y
1494 2435 1496 2438 v

173 2628 176 2634 ι
220 2557 338 2617 uallum
357 2562 449 2635 possit
470 2561 581 2617 erroris
599 2556 834 2634 turbationisqae
852 2576 972 2620 eausam
994 2565 1055 2622 tais
1067 2563 1197 2640 Populis
1214 2565 1368 2626 inducere.

220 2655 324 2732 ltaque
337 2657 379 2715 ari
391 2656 615 2716 Fidelissimam
623 2656 811 2731 Majestatem
828 2657 922 2735 Tuam
936 2657 993 2716 lias
1001 2657 1108 2718 damas
1118 2661 1265 2730 Litteras,
1273 2665 1372 2738 iisque

220 2755 556 2831 erprersrprofltemar,
567 2751 704 2811 babaria
716 2751 806 2810 Nobis
817 2757 960 2828 tamquam
971 2753 1099 2823 abusus,
1108 2761 1199 2832 atque
1207 2756 1372 2833 illeailima

220 2865 256 2904 ac
272 2847 361 2906 malla
372 2864 495 2924 prorsas
508 2850 658 2924 reputari,
680 2863 871 2924 pateramque
886 2848 935 2907 ael
947 2850 980 2908 ia
998 2848 1078 2910 Alba
1089 2850 1215 2921 Bassia,
1228 2852 1278 2911 ael
1290 2868 1371 2915 aum

221 2950 291 3005 acta
311 2962 372 3005 esse
384 2940 531 3020 seruatur
542 2946 610 3006 illis
624 2948 778 3006 contraria
798 2961 871 3022 qaas
890 2948 1028 3021 superias
1043 2950 1284 3018 memoravimus,
1302 2951 1372 3011 Cle·

220 3044 330 3103 meritis
341 3041 418 3103 XIV
432 3042 565 3104 Litteris.
585 3043 630 3102 De
648 3060 724 3120 qao,
741 3048 776 3104 at
792 3043 992 3115 Taamaaac,
1008 3046 1052 3102 ita
1069 3047 1098 3102 et
1119 3043 1372 3110 christianissimi

220 3146 250 3205 el
270 3137 415 3199 Catholici
432 3140 522 3218 Rapis
540 3140 715 3216 Majestates
734 3155 789 3217 per
809 3139 888 3199 alias
904 3145 1024 3200 nostras
1042 3143 1076 3199 ia
1092 3141 1230 3203 eamdem
1246 3152 1368 3208 seatea-

221 3242 294 3297 tr'am
307 3255 403 3316 aaper
416 3238 505 3299 datas
523 3239 656 3300 Litteras
674 3241 818 3302 certiores
833 3239 1032 3298 reddidimus.
1047 3239 1175 3300 Demum
1189 3241 1256 3320 tibi,
1268 3244 1382 3308 Cana-1

221 3334 298 3394 sima
309 3334 426 3396 Christo
436 3334 499 3396 filia
511 3340 625 3413 nostra,
639 3352 675 3397 ac
684 3334 832 3396 universae
842 3335 1042 3398 Fidelissima
1050 3335 1159 3398 Domui
1172 3342 1383 3420 apostolicam-

220 3432 459 3496 benedictionem
482 3434 514 3496 in
527 3454 604 3497 vera
623 3434 774 3498 felicitatis
793 3440 823 3496 et
842 3433 941 3513 gloriae
961 3434 1181 3498 incrementum
1204 3457 1242 3500 ex
1261 3439 1368 3504 intimo

220 3531 368 3611 planeque
385 3537 513 3612 paterno
534 3534 636 3595 animo
658 3532 861 3598 amantissime
884 3533 1083 3613 impertimur.
1114 3535 1229 3598 Datum
1252 3540 1383 3612 Roma,-

222 3636 291 3698 etc.,
312 3639 350 3688 20
356 3628 510 3707 februarii
526 3641 613 3703 ¹783,
623 3636 818 3713 pontificales
831 3636 928 3694 rtoslri
939 3652 1018 3694 auae
1032 3634 1089 3694 IX.

198 3769 201 3776 ’
257 3758 360 3818 liodem
373 3760 505 3834 Exemplo
514 3765 672 3820 -mutatis
680 3761 939 3835 mutandis-Regi
949 3763 1103 3835 Utriusque
1114 3765 1251 3823 Sicilia:
1260 3767 1311 3824 Die
1325 3777 1369 3825 11,

221 3850 322 3922 Aprilis
344 3855 411 3906 1783
432 3873 464 3897 =
480 3863 528 3920 pro
541 3850 641 3908 lineato
655 3852 736 3908 verbo
758 3852 819 3907 Tibi
832 3851 965 3907 scribatur
978 3855 1068 3922 Reate
1089 3856 1238 3924 Majestati
1255 3858 1321 3911 Tuae
1332 3875 1369 3906 =

222 3953 270 4010 pro
281 3938 341 3997 aliis
350 3938 438 3997 verbis
450 3939 599 4010 Maiestatt
618 3945 680 3997 Tua
690 3940 822 3996 scribatur
841 3940 904 3995 Tibi
917 3963 948 3988 =
964 3948 1026 3996 ante
1037 3942 1149 3999 verbum
1163 3944 1294 4000 lineatum
1306 3951 1368 4002 Ma·

220 4030 335 4096 testatas
343 4029 461 4086 addatur
471 4047 507 4085 ac
519 4028 705 4086 Fidelissima
713 4033 826 4101 neptae
835 4049 871 4080 =
880 4031 1018 4102 proverbe
1026 4031 1096 4091 linea
1112 4034 1291 4093 Fidelissima
1299 4036 1366 4092 sori·

222 4115 301 4172 batur
313 4121 405 4188 Raptae
421 4138 456 4170 =
465 4127 493 4175 et
506 4117 623 4190 demptis
636 4117 690 4174 illis
705 4119 793 4175 verbis
807 4118 916 4177 lineatis
928 4139 946 4178 a
959 4123 1061 4180 Dilecta
1073 4125 1143 4181 Filio
1155 4129 1206 4180 etc.

700 4319 883 4335 m
