3188 5414
238 483 289 530 228
667 476 871 532 CLElllENTlS
891 476 956 529 XIV

227 582 331 643 nudis
344 581 485 645 Sardinia
497 581 584 661 Regis
596 581 720 643 Illustris
730 581 895 660 singulares
904 586 993 661 atque
1002 579 1259 658 eximiaevirtutes,
1271 587 1303 642 et
1315 599 1386 642 cum

237 682 396 743 excellenti
411 681 495 760 regni
509 680 630 760 gerendi
651 679 775 741 scientia
791 679 957 755 conjuncta
970 694 1075 738 omnes
1086 675 1226 757 pietatis,
1241 677 1388 740 modera-

233 779 342 857 tionis,
357 776 612 859 magnanimitatis
625 776 746 839 laudes.
766 777 827 837 Nos
852 774 907 856 ipsi
922 772 1059 856 profecto
1073 773 1152 836 inter
1165 779 1274 835 cetera
1292 773 1388 855 ipsius

233 894 353 938 summa
366 877 438 956 regii
455 875 545 937 animi
563 880 741 936 ornamenta
751 872 865 954 experti
878 891 956 953 saepe
969 889 1088 949 sumus,
1107 889 1201 951 quam
1221 871 1388 956 mirificum

232 971 297 1048 ejus
312 976 389 1031 esset
403 968 553 1047 religionis
572 968 724 1044 studium,
745 986 810 1047 quaa
823 986 894 1046 erga
917 969 1062 1051 Sanctam
1080 967 1290 1048 Apostolicam
1306 969 1388 1031 hanc

232 1067 340 1128 Sedem
353 1066 559 1144 observantia,
573 1083 639 1144 qua
648 1071 678 1125 et
686 1083 779 1144 quam
790 1071 932 1126 constans
943 1083 981 1125 ac
991 1071 1138 1145 perpetua
1149 1065 1319 1128 Nobiscum
1330 1067 1387 1128 be-

121 1219 124 1225 .
231 1164 414 1240 nevolentia,
437 1171 525 1243 atque
546 1162 715 1224 officiorum
738 1159 982 1223 communicatio.
1007 1161 1171 1240 Propterea
1190 1179 1262 1221 cum
1287 1181 1388 1243 nuper

231 1261 313 1340 gravi
331 1280 366 1322 ac
386 1261 555 1340 periculoso
577 1261 685 1323 morbo
700 1260 830 1321 eundem
847 1258 1012 1320 conflictari
1026 1258 1118 1318 Nobis
1131 1265 1209 1319 esset
1230 1260 1382 1337 relatum,

230 1376 336 1438 parem
344 1359 479 1419 maximo
486 1364 589 1419 nostro
597 1377 668 1438 erga
677 1359 762 1419 illum
777 1356 888 1433 umori,
901 1356 1014 1419 doloris
1024 1355 1265 1436 magnitudinem
1274 1376 1386 1437 perce-

229 1455 340 1534 pimus.
356 1457 414 1516 Pro
424 1455 613 1534 impetranda
626 1456 726 1536 itaque
737 1455 842 1535 optimi
860 1455 1011 1535 Nobisque
1023 1455 1168 1516 carissimi
1185 1456 1278 1534 Regis
1300 1456 1384 1518 inco·

218 1552 366 1614 ‘lumitate
387 1554 483 1613 Deum
506 1552 746 1632 omnipotentem
764 1552 919 1633 deprecari
945 1569 1007 1612 non
1030 1550 1258 1612 intermisimus.
1283 1552 1385 1633 Atque

228 1647 340 1707 idcirco
355 1646 465 1707 nudius
483 1647 587 1708 tertius
605 1647 722 1709 Sudarii
738 1649 886 1728 templum
899 1647 1060 1718 adeuntes,
1078 1647 1152 1709 dum
1168 1647 1326 1710 anatione
1338 1652 1384 1711 sui

228 1742 334 1821 Regis,
350 1762 385 1803 ac
402 1750 557 1822 tamquam
571 1743 704 1805 Parentis
721 1744 927 1805 amantissima
942 1751 1013 1805 vota
1031 1745 1137 1806 tierent
1152 1762 1224 1805 cum
1239 1745 1384 1808 omnibus

227 1838 367 1918 precibus
380 1858 486 1920 preces
508 1848 625 1902 nostras
646 1842 868 1919 conjunximus.
888 1844 973 1902 Hanc
987 1841 1099 1903 doloris
1120 1861 1155 1903 ac
1167 1842 1380 1906 sollicitudinis

159 1945 162 1950 ’
227 1944 336 1997 nostrae
345 1955 469 1997 causam
483 1937 639 1999 vobiscum
654 1956 735 1998 nunc
746 1936 1024 2015 communicamus,
1036 1937 1230 1999 venerabiles
1242 1940 1391 2018 Fratres,

227 2039 261 2093 ut
271 2051 324 2094 vos
335 2032 407 2094 item
421 2051 543 2094 omnem
561 2052 685 2115 operam
700 2041 789 2114 atque
810 2034 981 2097 animorum
994 2034 1219 2096 contentionem
1233 2054 1292 2116 pro
1304 2055 1382 2099 exo-

225 2129 320 2190 randa
333 2130 579 2209 prestantissima
594 2131 667 2210 Regi
680 2130 849 2193 valetudine
860 2129 1030 2192 conseratis.
1047 2132 1124 2192 Cum
1136 2149 1257 2216 summa
1278 2142 1382 2199 vestra

190 2219 192 2223 ⁴
225 2226 256 2287 in
267 2227 432 2308 Ecclesiam
451 2227 550 2288 studia
561 2245 626 2289 esse
640 2227 784 2304 debeant,
795 2227 868 2288 nihil
882 2245 963 2288 nunc
972 2226 1064 2289 Nobis
1074 2272 1082 2302 ,
1092 2226 1180 2308 eique
1188 2227 1274 2308 quod
1284 2232 1392 2293 susti-.

227 2322 304 2383 netis
318 2323 438 2398 ,muneri
458 2323 680 2385 convenientius
703 2341 768 2385 esse
791 2329 909 2404 potest,
932 2341 1024 2403 quam
1039 2329 1073 2385 ut
1089 2324 1194 2386 vestris
1214 2325 1254 2386 ad
1280 2328 1385 2390 Deum

225 2419 482 2481 obsecrationibus
502 2420 543 2480 illi
566 2427 675 2501 praesto
697 2420 775 2496 sitis,
800 2420 887 2498 cujus
913 2420 1075 2500 singularia
1097 2427 1199 2483 extare
1223 2421 1253 2483 in
1279 2423 1383 2505 ipsam

224 2515 388 2578 Ecclesiam
400 2516 507 2577 merita
518 2516 689 2579 clarissimis
701 2517 818 2577 indiciis
833 2517 1024 2596 cognoscitis.

712 2639 894 2648 -·--—-—--—-

747 2756 836 2825 CCV.

309 2963 312 2969 ⁴
388 2873 389 2877 Ἰ
434 2913 649 2969 ,μοΑιιιεειΜο
672 2914 707 2954 ru
730 2914 861 2959 cumsro
884 2919 972 2960 rimo
996 2919 1115 2961 uosrno
1277 2962 1280 2968 ,

347 2985 496 3077 canoto
517 3017 714 3084 EMANUELI
736 3019 931 3082 SARDINIAE
951 3024 1044 3085 REGI
1065 3024 1242 3088 ILLUSTRI

435 3131 438 3135 ’
538 3139 771 3219 CLEMENS
799 3145 927 3220 PAPA
955 3145 1061 3222 XIV.

969 3293 1066 3351 Romae,
1079 3290 1118 3339 die
1134 3295 1160 3340 18
1172 3289 1227 3352 julii
1241 3293 1306 3339 1772.
1384 3348 1388 3353 ι

262 3391 441 3462 Carissimo,
458 3400 513 3453 etc.
526 3392 642 3454 Dolonis
656 3394 893 3474 magnitudinem
908 3416 926 3459 a
938 3397 1032 3459 Nobis
1042 3406 1214 3478 susceptam
1223 3396 1262 3460 ob
1273 3397 1375 3462 morbi

219 3488 292 3564 vim,
307 3505 476 3567 quanuper
489 3488 528 3548 ad
542 3488 607 3549 vitae
625 3489 785 3568 discrimen
798 3493 959 3555 adductam
972 3494 1063 3557 luisse
1073 3495 1264 3573 Maiestatem
1274 3497 1389 3558 Tuam·

218 3598 467 3663 perceperamus,
486 3582 564 3645 intra
583 3586 644 3662 Nos
662 3587 814 3651 continere
829 3591 1059 3671 nonpotuimns
1065 3615 1074 3670 3
1089 3590 1216 3673 proinde
1228 3591 1379 3654 manifes-

217 3687 280 3739 tam
296 3676 436 3740 omnibus
454 3678 578 3742 lecimus
589 3687 619 3742 et
635 3684 752 3746 Sudarii
767 3686 848 3748 adito
863 3689 995 3768 templo,
1015 3695 1045 3750 et
1062 3705 1133 3749 cum
1146 3686 1379 3753 venerabilibus

217 3771 371 3832 Fratribus
378 3773 529 3837 NostrisS.
540 3780 576 3840 lt.
589 3781 624 3839 E.
634 3781 840 3844 Cardinalibus
850 3785 1023 3846 moeroreob
1032 3803 1100 3847 eam
1111 3785 1375 3846 maximecausam

218 3867 460 3961 communicato,
486 3879 519 3933 ut
540 3881 658 3937 nostras
681 3877 719 3939 ad
743 3881 839 3939 Deum
862 3898 967 3960 preces
997 3899 1067 3942 cum
1091 3881 1212 3944 illorum
1231 3880 1375 3962 precibus

217 3964 394 4056 conjunctas
419 3966 603 4033 efficaciores
620 3973 659 4034 ad
673 3973 894 4055 impetrandam
912 3976 967 4038 tibi
983 3976 1222 4038 incolumitatem
1234 3976 1376 4038 reddere-

217 4081 295 4125 mus.
307 4067 382 4139 :Qua
401 4065 524 4147 quidem
548 4068 578 4129 in
593 4088 626 4131 re
646 4071 781 4133 obsecuti
809 4091 911 4136 sumus
925 4074 1138 4155 et-pontilicio
1159 4074 1278 4135 muneri
1301 4091 1373 4154 erga

216 4166 328 4242 Regem
351 4166 542 4246 singulariter
556 4175 645 4248 atque
658 4170 776 4251 egregie
789 4169 827 4244 de
846 4173 979 4251 Ecclesia
998 4173 1160 4249 meritum,
1175 4179 1205 4234 et
1222 4170 1374 4254 peculiari

217 4263 342 4341 cuidam,
351 4270 576 4351 summo-atque
585 4267 702 4344 eximio
711 4269 806 4331 amori
830 4269 908 4331 inte
930 4276 1053 4352 nostro,
1067 4269 1371 4351 quemobinsignia,

217 4376 253 4418 ac
270 4367 414 4438 perpetua
428 4361 459 4422 iu
470 4362 533 4429 Nos
555 4361 653 4424 studia
668 4371 698 4424 et
709 4365 749 4426 ob
764 4365 942 4427 excellentes
959 4374 990 4428 et
1005 4367 1087 4446 regio
1103 4364 1203 4427 animo
1223 4363 1371 4446 diguissi-

218 4472 283 4516 mas
296 4452 420 4518 virtutes
442 4455 644 4520 incredibilem
666 4459 696 4520 in
710 4461 833 4523 modum
853 4450 1021 4543 diligimus,
1041 4469 1129 4543 atque
1143 4461 1219 4523 adeo
1234 4461 1372 4524 admira-
