<?xml version="1.0" encoding="UTF-8"?>
<!DOCTYPE html PUBLIC "-//W3C//DTD XHTML 1.0 Transitional//EN"
    "http://www.w3.org/TR/xhtml1/DTD/xhtml1-transitional.dtd">
<html xmlns="http://www.w3.org/1999/xhtml" xml:lang="en" lang="en">
 <head>
  <title>
</title>
<meta http-equiv="Content-Type" content="text/html;charset=utf-8" />
  <meta name='ocr-system' content='tesseract 3.04.00' />
  <meta name='ocr-capabilities' content='ocr_page ocr_carea ocr_par ocr_line ocrx_word'/>
</head>
<body>
  <div class='ocr_page' id='page_1' title='image "./clementisxivpon00clemgoog_0253.png"; bbox 0 0 3188 5414; ppageno 0'>
   <div class='ocr_carea' id='block_1_1' title="bbox 218 495 929 556">
    <p class='ocr_par' dir='ltr' id='par_1_1' title="bbox 218 495 929 556">
     <span class='ocr_line' id='line_1_1' title="bbox 218 495 929 556; baseline -0.011 -1"><span class='ocrx_word' id='word_1_1' title='bbox 218 501 271 556; x_wconf 72' lang='lat' dir='ltr'><strong>aaa!</strong></span> <span class='ocrx_word' id='word_1_2' title='bbox 645 495 846 554; x_wconf 81' lang='lat' dir='ltr'><strong>CLEMENTIS</strong></span> <span class='ocrx_word' id='word_1_3' title='bbox 862 495 929 549; x_wconf 83' lang='lat' dir='ltr'><strong>XIV</strong></span> 
     </span>
    </p>
   </div>
   <div class='ocr_carea' id='block_1_2' title="bbox 215 595 1392 4568">
    <p class='ocr_par' dir='ltr' id='par_1_2' title="bbox 215 595 1392 4568">
     <span class='ocr_line' id='line_1_2' title="bbox 217 595 1363 684; baseline -0.011 -16"><span class='ocrx_word' id='word_1_4' title='bbox 217 606 375 668; x_wconf 88' lang='lat' dir='ltr'><strong>commode</strong></span> <span class='ocrx_word' id='word_1_5' title='bbox 389 625 424 668; x_wconf 89' lang='lat' dir='ltr'><strong>ac</strong></span> <span class='ocrx_word' id='word_1_6' title='bbox 435 606 573 667; x_wconf 86' lang='lat' dir='ltr'><strong>decenter</strong></span> <span class='ocrx_word' id='word_1_7' title='bbox 584 605 750 667; x_wconf 77' lang='lat' dir='ltr'><strong>satisfactos</strong></span> <span class='ocrx_word' id='word_1_8' title='bbox 762 602 926 684; x_wconf 87' lang='lat' dir='ltr'><strong>supererint</strong></span> <span class='ocrx_word' id='word_1_9' title='bbox 937 596 1149 674; x_wconf 86' lang='lat' dir='ltr'><strong>transferendi,</strong></span> <span class='ocrx_word' id='word_1_10' title='bbox 1163 601 1255 676; x_wconf 85' lang='lat' dir='ltr'><strong>atque</strong></span> <span class='ocrx_word' id='word_1_11' title='bbox 1269 595 1363 676; x_wconf 81' lang='lat' dir='ltr'><strong>appli-</strong></span> 
     </span>
     <span class='ocr_line' id='line_1_3' title="bbox 217 691 1365 782; baseline -0.01 -20"><span class='ocrx_word' id='word_1_12' title='bbox 217 701 303 763; x_wconf 89' lang='lat' dir='ltr'><strong>candi</strong></span> <span class='ocrx_word' id='word_1_13' title='bbox 322 702 361 763; x_wconf 88' lang='lat' dir='ltr'><strong>ad</strong></span> <span class='ocrx_word' id='word_1_14' title='bbox 374 702 572 765; x_wconf 87' lang='lat' dir='ltr'><strong>sublevandos</strong></span> <span class='ocrx_word' id='word_1_15' title='bbox 583 719 747 782; x_wconf 80' lang='lat' dir='ltr'><strong>pauperes,</strong></span> <span class='ocrx_word' id='word_1_16' title='bbox 767 707 820 762; x_wconf 90' lang='lat' dir='ltr'><strong>aut</strong></span> <span class='ocrx_word' id='word_1_17' title='bbox 829 696 977 779; x_wconf 75' lang='lat' dir='ltr'><strong>parochos</strong></span> <span class='ocrx_word' id='word_1_18' title='bbox 992 701 1044 756; x_wconf 92' lang='lat' dir='ltr'><strong>aut</strong></span> <span class='ocrx_word' id='word_1_19' title='bbox 1060 692 1118 754; x_wconf 87' lang='lat' dir='ltr'><strong>alia</strong></span> <span class='ocrx_word' id='word_1_20' title='bbox 1128 691 1178 772; x_wconf 89' lang='lat' dir='ltr'><strong>pia</strong></span> <span class='ocrx_word' id='word_1_21' title='bbox 1189 709 1285 771; x_wconf 92' lang='lat' dir='ltr'><strong>opera</strong></span> <span class='ocrx_word' id='word_1_22' title='bbox 1299 708 1365 771; x_wconf 84' lang='lat' dir='ltr'><strong>quae</strong></span> 
     </span>
     <span class='ocr_line' id='line_1_4' title="bbox 217 787 1366 879; baseline -0.012 -18"><span class='ocrx_word' id='word_1_23' title='bbox 217 799 431 879; x_wconf 81' lang='lat' dir='ltr'><strong>opportuniora</strong></span> <span class='ocrx_word' id='word_1_24' title='bbox 443 797 632 860; x_wconf 89' lang='lat' dir='ltr'><strong>videbuntur.</strong></span> <span class='ocrx_word' id='word_1_25' title='bbox 642 799 702 858; x_wconf 91' lang='lat' dir='ltr'><strong>Nos</strong></span> <span class='ocrx_word' id='word_1_26' title='bbox 710 796 850 877; x_wconf 91' lang='lat' dir='ltr'><strong>quidem,</strong></span> <span class='ocrx_word' id='word_1_27' title='bbox 862 789 1075 870; x_wconf 83' lang='lat' dir='ltr'><strong>utbujusmodi</strong></span> <span class='ocrx_word' id='word_1_28' title='bbox 1084 789 1243 866; x_wconf 68' lang='lat' dir='ltr'><strong>saculares</strong></span> <span class='ocrx_word' id='word_1_29' title='bbox 1254 787 1366 868; x_wconf 88' lang='lat' dir='ltr'><strong>imper-</strong></span> 
     </span>
     <span class='ocr_line' id='line_1_5' title="bbox 217 881 1365 973; baseline -0.01 -19"><span class='ocrx_word' id='word_1_30' title='bbox 217 889 342 956; x_wconf 84' lang='lat' dir='ltr'><strong>tiremur</strong></span> <span class='ocrx_word' id='word_1_31' title='bbox 356 895 441 956; x_wconf 86' lang='lat' dir='ltr'><strong>unice</strong></span> <span class='ocrx_word' id='word_1_32' title='bbox 453 895 565 956; x_wconf 90' lang='lat' dir='ltr'><strong>inducti</strong></span> <span class='ocrx_word' id='word_1_33' title='bbox 576 893 687 955; x_wconf 80' lang='lat' dir='ltr'><strong>luimus</strong></span> <span class='ocrx_word' id='word_1_34' title='bbox 697 888 939 973; x_wconf 83' lang='lat' dir='ltr'><strong>perspectissime</strong></span> <span class='ocrx_word' id='word_1_35' title='bbox 947 885 1039 948; x_wconf 86' lang='lat' dir='ltr'><strong>Nobis</strong></span> <span class='ocrx_word' id='word_1_36' title='bbox 1049 884 1160 965; x_wconf 85' lang='lat' dir='ltr'><strong>pietate</strong></span> <span class='ocrx_word' id='word_1_37' title='bbox 1168 899 1209 958; x_wconf 70' lang='lat' dir='ltr'><strong>‘ac</strong></span> <span class='ocrx_word' id='word_1_38' title='bbox 1220 881 1365 968; x_wconf 86' lang='lat' dir='ltr'><strong>religione</strong></span> 
     </span>
     <span class='ocr_line' id='line_1_6' title="bbox 217 979 1366 1071; baseline -0.012 -19"><span class='ocrx_word' id='word_1_39' title='bbox 217 990 380 1069; x_wconf 88' lang='lat' dir='ltr'><strong>Majestatis</strong></span> <span class='ocrx_word' id='word_1_40' title='bbox 394 993 483 1068; x_wconf 86' lang='lat' dir='ltr'><strong>Tuae,</strong></span> <span class='ocrx_word' id='word_1_41' title='bbox 506 1009 597 1071; x_wconf 89' lang='lat' dir='ltr'><strong>quam</strong></span> <span class='ocrx_word' id='word_1_42' title='bbox 617 988 781 1051; x_wconf 88' lang='lat' dir='ltr'><strong>certissime</strong></span> <span class='ocrx_word' id='word_1_43' title='bbox 802 986 913 1049; x_wconf 90' lang='lat' dir='ltr'><strong>scimus</strong></span> <span class='ocrx_word' id='word_1_44' title='bbox 933 983 1040 1046; x_wconf 87' lang='lat' dir='ltr'><strong>divinae</strong></span> <span class='ocrx_word' id='word_1_45' title='bbox 1061 981 1161 1062; x_wconf 82' lang='lat' dir='ltr'><strong>glorie</strong></span> <span class='ocrx_word' id='word_1_46' title='bbox 1175 979 1366 1040; x_wconf 86' lang='lat' dir='ltr'><strong>incremento</strong></span> 
     </span>
     <span class='ocr_line' id='line_1_7' title="bbox 216 1075 1365 1162; baseline -0.008 -17"><span class='ocrx_word' id='word_1_47' title='bbox 216 1104 301 1147; x_wconf 86' lang='lat' dir='ltr'><strong>veras</strong></span> <span class='ocrx_word' id='word_1_48' title='bbox 312 1105 413 1149; x_wconf 88' lang='lat' dir='ltr'><strong>rerum</strong></span> <span class='ocrx_word' id='word_1_49' title='bbox 427 1086 569 1149; x_wconf 79' lang='lat' dir='ltr'><strong>utilitates</strong></span> <span class='ocrx_word' id='word_1_50' title='bbox 582 1085 797 1148; x_wconf 79' lang='lat' dir='ltr'><strong>estimaturam</strong></span> <span class='ocrx_word' id='word_1_51' title='bbox 810 1091 841 1145; x_wconf 90' lang='lat' dir='ltr'><strong>et</strong></span> <span class='ocrx_word' id='word_1_52' title='bbox 851 1081 1075 1162; x_wconf 85' lang='lat' dir='ltr'><strong>diligentissime</strong></span> <span class='ocrx_word' id='word_1_53' title='bbox 1083 1083 1274 1154; x_wconf 85' lang='lat' dir='ltr'><strong>curaturam,</strong></span> <span class='ocrx_word' id='word_1_54' title='bbox 1288 1075 1365 1138; x_wconf 91' lang='lat' dir='ltr'><strong>utin</strong></span> 
     </span>
     <span class='ocr_line' id='line_1_8' title="bbox 217 1174 1363 1263; baseline -0.01 -20"><span class='ocrx_word' id='word_1_55' title='bbox 217 1184 423 1263; x_wconf 88' lang='lat' dir='ltr'><strong>religiosorum</strong></span> <span class='ocrx_word' id='word_1_56' title='bbox 435 1183 554 1248; x_wconf 82' lang='lat' dir='ltr'><strong>familiis</strong></span> <span class='ocrx_word' id='word_1_57' title='bbox 566 1183 639 1244; x_wconf 91' lang='lat' dir='ltr'><strong>nihil</strong></span> <span class='ocrx_word' id='word_1_58' title='bbox 653 1181 708 1243; x_wconf 91' lang='lat' dir='ltr'><strong>nisi</strong></span> <span class='ocrx_word' id='word_1_59' title='bbox 722 1200 758 1244; x_wconf 92' lang='lat' dir='ltr'><strong>ex</strong></span> <span class='ocrx_word' id='word_1_60' title='bbox 770 1179 863 1241; x_wconf 92' lang='lat' dir='ltr'><strong>divini</strong></span> <span class='ocrx_word' id='word_1_61' title='bbox 876 1179 975 1240; x_wconf 88' lang='lat' dir='ltr'><strong>cultus</strong></span> <span class='ocrx_word' id='word_1_62' title='bbox 988 1176 1155 1238; x_wconf 89' lang='lat' dir='ltr'><strong>rationibus</strong></span> <span class='ocrx_word' id='word_1_63' title='bbox 1171 1174 1363 1235; x_wconf 81' lang='lat' dir='ltr'><strong>immutetur.</strong></span> 
     </span>
     <span class='ocr_line' id='line_1_9' title="bbox 217 1268 1365 1363; baseline -0.009 -22"><span class='ocrx_word' id='word_1_64' title='bbox 217 1281 273 1341; x_wconf 82' lang='lat' dir='ltr'><strong>Sed</strong></span> <span class='ocrx_word' id='word_1_65' title='bbox 290 1281 433 1362; x_wconf 88' lang='lat' dir='ltr'><strong>quoniam</strong></span> <span class='ocrx_word' id='word_1_66' title='bbox 451 1283 516 1363; x_wconf 89' lang='lat' dir='ltr'><strong>ipsa</strong></span> <span class='ocrx_word' id='word_1_67' title='bbox 528 1268 571 1343; x_wconf 86' lang='lat' dir='ltr'><strong>rei</strong></span> <span class='ocrx_word' id='word_1_68' title='bbox 585 1279 714 1360; x_wconf 85' lang='lat' dir='ltr'><strong>gravitas</strong></span> <span class='ocrx_word' id='word_1_69' title='bbox 727 1278 831 1340; x_wconf 86' lang='lat' dir='ltr'><strong>anxios</strong></span> <span class='ocrx_word' id='word_1_70' title='bbox 842 1279 902 1339; x_wconf 92' lang='lat' dir='ltr'><strong>Nos</strong></span> <span class='ocrx_word' id='word_1_71' title='bbox 912 1275 1010 1338; x_wconf 82' lang='lat' dir='ltr'><strong>reddit</strong></span> <span class='ocrx_word' id='word_1_72' title='bbox 1024 1293 1059 1336; x_wconf 88' lang='lat' dir='ltr'><strong>ac</strong></span> <span class='ocrx_word' id='word_1_73' title='bbox 1069 1272 1212 1336; x_wconf 85' lang='lat' dir='ltr'><strong>sollicitos</strong></span> <span class='ocrx_word' id='word_1_74' title='bbox 1225 1279 1256 1332; x_wconf 87' lang='lat' dir='ltr'><strong>ct</strong></span> <span class='ocrx_word' id='word_1_75' title='bbox 1270 1272 1365 1333; x_wconf 85' lang='lat' dir='ltr'><strong>vereri</strong></span> 
     </span>
     <span class='ocr_line' id='line_1_10' title="bbox 217 1371 1368 1460; baseline -0.005 -23"><span class='ocrx_word' id='word_1_76' title='bbox 217 1378 288 1440; x_wconf 84' lang='lat' dir='ltr'><strong>facit</strong></span> <span class='ocrx_word' id='word_1_77' title='bbox 299 1396 336 1440; x_wconf 92' lang='lat' dir='ltr'><strong>ne</strong></span> <span class='ocrx_word' id='word_1_78' title='bbox 348 1377 420 1459; x_wconf 88' lang='lat' dir='ltr'><strong>quid</strong></span> <span class='ocrx_word' id='word_1_79' title='bbox 431 1385 538 1460; x_wconf 83' lang='lat' dir='ltr'><strong>praeter</strong></span> <span class='ocrx_word' id='word_1_80' title='bbox 548 1387 683 1441; x_wconf 87' lang='lat' dir='ltr'><strong>nostram</strong></span> <span class='ocrx_word' id='word_1_81' title='bbox 696 1398 731 1439; x_wconf 90' lang='lat' dir='ltr'><strong>ac</strong></span> <span class='ocrx_word' id='word_1_82' title='bbox 742 1386 827 1440; x_wconf 88' lang='lat' dir='ltr'><strong>tuam</strong></span> <span class='ocrx_word' id='word_1_83' title='bbox 845 1373 1113 1450; x_wconf 81' lang='lat' dir='ltr'><strong>voluntalemfiat,</strong></span> <span class='ocrx_word' id='word_1_84' title='bbox 1129 1372 1273 1451; x_wconf 86' lang='lat' dir='ltr'><strong>teipsam</strong></span> <span class='ocrx_word' id='word_1_85' title='bbox 1296 1371 1368 1432; x_wconf 82' lang='lat' dir='ltr'><strong>allo</strong></span> 
     </span>
     <span class='ocr_line' id='line_1_11' title="bbox 217 1467 1366 1556; baseline -0.009 -19"><span class='ocrx_word' id='word_1_86' title='bbox 217 1477 268 1555; x_wconf 84' lang='lat' dir='ltr'><strong>qui</strong></span> <span class='ocrx_word' id='word_1_87' title='bbox 283 1476 363 1539; x_wconf 87' lang='lat' dir='ltr'><strong>hisce</strong></span> <span class='ocrx_word' id='word_1_88' title='bbox 376 1476 481 1538; x_wconf 87' lang='lat' dir='ltr'><strong>litteris</strong></span> <span class='ocrx_word' id='word_1_89' title='bbox 499 1478 653 1553; x_wconf 92' lang='lat' dir='ltr'><strong>volumus,</strong></span> <span class='ocrx_word' id='word_1_90' title='bbox 673 1483 761 1556; x_wconf 88' lang='lat' dir='ltr'><strong>teque</strong></span> <span class='ocrx_word' id='word_1_91' title='bbox 782 1473 821 1535; x_wconf 90' lang='lat' dir='ltr'><strong>ad</strong></span> <span class='ocrx_word' id='word_1_92' title='bbox 832 1491 954 1535; x_wconf 91' lang='lat' dir='ltr'><strong>omnem</strong></span> <span class='ocrx_word' id='word_1_93' title='bbox 968 1488 1093 1552; x_wconf 84' lang='lat' dir='ltr'><strong>operam</strong></span> <span class='ocrx_word' id='word_1_94' title='bbox 1107 1487 1143 1531; x_wconf 86' lang='lat' dir='ltr'><strong>ac</strong></span> <span class='ocrx_word' id='word_1_95' title='bbox 1158 1467 1366 1548; x_wconf 89' lang='lat' dir='ltr'><strong>diligentiam,</strong></span> 
     </span>
     <span class='ocr_line' id='line_1_12' title="bbox 217 1564 1369 1654; baseline -0.006 -22"><span class='ocrx_word' id='word_1_96' title='bbox 217 1592 310 1652; x_wconf 82' lang='lat' dir='ltr'><strong>quam</strong></span> <span class='ocrx_word' id='word_1_97' title='bbox 322 1580 375 1634; x_wconf 91' lang='lat' dir='ltr'><strong>tua</strong></span> <span class='ocrx_word' id='word_1_98' title='bbox 390 1581 495 1654; x_wconf 88' lang='lat' dir='ltr'><strong>sponte</strong></span> <span class='ocrx_word' id='word_1_99' title='bbox 518 1572 689 1634; x_wconf 89' lang='lat' dir='ltr'><strong>adhibitura</strong></span> <span class='ocrx_word' id='word_1_100' title='bbox 708 1591 759 1649; x_wconf 88' lang='lat' dir='ltr'><strong>es,</strong></span> <span class='ocrx_word' id='word_1_101' title='bbox 773 1571 864 1633; x_wconf 91' lang='lat' dir='ltr'><strong>etiam</strong></span> <span class='ocrx_word' id='word_1_102' title='bbox 888 1568 1095 1632; x_wconf 83' lang='lat' dir='ltr'><strong>cohortatione</strong></span> <span class='ocrx_word' id='word_1_103' title='bbox 1118 1585 1153 1627; x_wconf 87' lang='lat' dir='ltr'><strong>ac</strong></span> <span class='ocrx_word' id='word_1_104' title='bbox 1177 1564 1369 1644; x_wconf 85' lang='lat' dir='ltr'><strong>flagitatione</strong></span> 
     </span>
     <span class='ocr_line' id='line_1_13' title="bbox 216 1659 1392 1751; baseline -0.007 -22"><span class='ocrx_word' id='word_1_105' title='bbox 216 1677 319 1731; x_wconf 90' lang='lat' dir='ltr'><strong>nostra</strong></span> <span class='ocrx_word' id='word_1_106' title='bbox 329 1670 492 1751; x_wconf 87' lang='lat' dir='ltr'><strong>impellere.</strong></span> <span class='ocrx_word' id='word_1_107' title='bbox 503 1669 609 1750; x_wconf 81' lang='lat' dir='ltr'><strong>Agitur</strong></span> <span class='ocrx_word' id='word_1_108' title='bbox 619 1667 716 1744; x_wconf 87' lang='lat' dir='ltr'><strong>enim,</strong></span> <span class='ocrx_word' id='word_1_109' title='bbox 730 1673 763 1728; x_wconf 89' lang='lat' dir='ltr'><strong>ut</strong></span> <span class='ocrx_word' id='word_1_110' title='bbox 776 1667 919 1747; x_wconf 70' lang='lat' dir='ltr'><strong>praeclare</strong></span> <span class='ocrx_word' id='word_1_111' title='bbox 930 1663 1023 1740; x_wconf 90' lang='lat' dir='ltr'><strong>vides,</strong></span> <span class='ocrx_word' id='word_1_112' title='bbox 1037 1660 1193 1723; x_wconf 85' lang='lat' dir='ltr'><strong>carissima</strong></span> <span class='ocrx_word' id='word_1_113' title='bbox 1202 1660 1236 1720; x_wconf 90' lang='lat' dir='ltr'><strong>iu</strong></span> <span class='ocrx_word' id='word_1_114' title='bbox 1245 1659 1368 1722; x_wconf 87' lang='lat' dir='ltr'><strong>Christo</strong></span> <span class='ocrx_word' id='word_1_115' title='bbox 1389 1733 1392 1740; x_wconf 36' lang='grc'><strong>,</strong></span> 
     </span>
     <span class='ocr_line' id='line_1_14' title="bbox 216 1759 1368 1845; baseline -0.006 -19"><span class='ocrx_word' id='word_1_116' title='bbox 216 1767 278 1828; x_wconf 85' lang='lat' dir='ltr'><strong>tilia</strong></span> <span class='ocrx_word' id='word_1_117' title='bbox 294 1773 412 1845; x_wconf 86' lang='lat' dir='ltr'><strong>nostra,</strong></span> <span class='ocrx_word' id='word_1_118' title='bbox 428 1767 466 1828; x_wconf 91' lang='lat' dir='ltr'><strong>de</strong></span> <span class='ocrx_word' id='word_1_119' title='bbox 488 1784 536 1843; x_wconf 90' lang='lat' dir='ltr'><strong>re,</strong></span> <span class='ocrx_word' id='word_1_120' title='bbox 560 1784 626 1845; x_wconf 87' lang='lat' dir='ltr'><strong>quae</strong></span> <span class='ocrx_word' id='word_1_121' title='bbox 647 1763 786 1825; x_wconf 76' lang='lat' dir='ltr'><strong>Ecclesiae</strong></span> <span class='ocrx_word' id='word_1_122' title='bbox 799 1763 931 1824; x_wconf 86' lang='lat' dir='ltr'><strong>maxime</strong></span> <span class='ocrx_word' id='word_1_123' title='bbox 945 1759 1060 1821; x_wconf 89' lang='lat' dir='ltr'><strong>intersit</strong></span> <span class='ocrx_word' id='word_1_124' title='bbox 1074 1764 1105 1819; x_wconf 88' lang='lat' dir='ltr'><strong>ct</strong></span> <span class='ocrx_word' id='word_1_125' title='bbox 1116 1762 1238 1819; x_wconf 89' lang='lat' dir='ltr'><strong>nostras</strong></span> <span class='ocrx_word' id='word_1_126' title='bbox 1262 1774 1368 1819; x_wconf 87' lang='lat' dir='ltr'><strong>omnes</strong></span> 
     </span>
     <span class='ocr_line' id='line_1_15' title="bbox 216 1855 1367 1951; baseline -0.006 -29"><span class='ocrx_word' id='word_1_127' title='bbox 216 1881 303 1924; x_wconf 89' lang='lat' dir='ltr'><strong>curas</strong></span> <span class='ocrx_word' id='word_1_128' title='bbox 314 1870 344 1951; x_wconf 70' lang='lat' dir='ltr'><strong>pt</strong></span> <span class='ocrx_word' id='word_1_129' title='bbox 352 1862 546 1942; x_wconf 86' lang='lat' dir='ltr'><strong>cogitationes</strong></span> <span class='ocrx_word' id='word_1_130' title='bbox 556 1861 702 1942; x_wconf 85' lang='lat' dir='ltr'><strong>exposcit.</strong></span> <span class='ocrx_word' id='word_1_131' title='bbox 715 1863 790 1923; x_wconf 84' lang='lat' dir='ltr'><strong>Cum</strong></span> <span class='ocrx_word' id='word_1_132' title='bbox 797 1861 931 1922; x_wconf 85' lang='lat' dir='ltr'><strong>Christus</strong></span> <span class='ocrx_word' id='word_1_133' title='bbox 940 1858 1085 1922; x_wconf 84' lang='lat' dir='ltr'><strong>Dominus</strong></span> <span class='ocrx_word' id='word_1_134' title='bbox 1094 1855 1188 1917; x_wconf 90' lang='lat' dir='ltr'><strong>Nobis</strong></span> <span class='ocrx_word' id='word_1_135' title='bbox 1199 1855 1367 1916; x_wconf 83' lang='lat' dir='ltr'><strong>Ecclesiam</strong></span> 
     </span>
     <span class='ocr_line' id='line_1_16' title="bbox 216 1952 1368 2039; baseline -0.003 -21"><span class='ocrx_word' id='word_1_136' title='bbox 216 1977 303 2020; x_wconf 90' lang='lat' dir='ltr'><strong>suam</strong></span> <span class='ocrx_word' id='word_1_137' title='bbox 324 1960 486 2038; x_wconf 85' lang='lat' dir='ltr'><strong>tuendam,</strong></span> <span class='ocrx_word' id='word_1_138' title='bbox 503 1978 539 2021; x_wconf 87' lang='lat' dir='ltr'><strong>ac</strong></span> <span class='ocrx_word' id='word_1_139' title='bbox 560 1959 722 2039; x_wconf 83' lang='lat' dir='ltr'><strong>regendam</strong></span> <span class='ocrx_word' id='word_1_140' title='bbox 737 1958 1010 2034; x_wconf 88' lang='lat' dir='ltr'><strong>commendaverit,</strong></span> <span class='ocrx_word' id='word_1_141' title='bbox 1034 1963 1065 2017; x_wconf 90' lang='lat' dir='ltr'><strong>et</strong></span> <span class='ocrx_word' id='word_1_142' title='bbox 1086 1961 1119 2016; x_wconf 90' lang='lat' dir='ltr'><strong>tu</strong></span> <span class='ocrx_word' id='word_1_143' title='bbox 1141 1953 1209 2035; x_wconf 88' lang='lat' dir='ltr'><strong>ipsa</strong></span> <span class='ocrx_word' id='word_1_144' title='bbox 1229 1952 1368 2031; x_wconf 85' lang='lat' dir='ltr'><strong>ejusdem</strong></span> 
     </span>
     <span class='ocr_line' id='line_1_17' title="bbox 216 2049 1367 2136; baseline -0.004 -21"><span class='ocrx_word' id='word_1_145' title='bbox 216 2055 323 2117; x_wconf 85' lang='lat' dir='ltr'><strong>Christi</strong></span> <span class='ocrx_word' id='word_1_146' title='bbox 343 2056 481 2118; x_wconf 78' lang='lat' dir='ltr'><strong>Ecclesia</strong></span> <span class='ocrx_word' id='word_1_147' title='bbox 499 2061 627 2136; x_wconf 89' lang='lat' dir='ltr'><strong>patrona</strong></span> <span class='ocrx_word' id='word_1_148' title='bbox 641 2060 672 2116; x_wconf 91' lang='lat' dir='ltr'><strong>et</strong></span> <span class='ocrx_word' id='word_1_149' title='bbox 693 2054 732 2117; x_wconf 91' lang='lat' dir='ltr'><strong>sis</strong></span> <span class='ocrx_word' id='word_1_150' title='bbox 746 2061 776 2117; x_wconf 92' lang='lat' dir='ltr'><strong>ct</strong></span> <span class='ocrx_word' id='word_1_151' title='bbox 796 2053 1024 2135; x_wconf 86' lang='lat' dir='ltr'><strong>nuncupaveris.</strong></span> <span class='ocrx_word' id='word_1_152' title='bbox 1047 2053 1144 2126; x_wconf 86' lang='lat' dir='ltr'><strong>Quare</strong></span> <span class='ocrx_word' id='word_1_153' title='bbox 1167 2049 1208 2110; x_wconf 91' lang='lat' dir='ltr'><strong>ad</strong></span> <span class='ocrx_word' id='word_1_154' title='bbox 1226 2055 1367 2110; x_wconf 90' lang='lat' dir='ltr'><strong>nostrum</strong></span> 
     </span>
     <span class='ocr_line' id='line_1_18' title="bbox 216 2147 1369 2231; baseline -0.003 -20"><span class='ocrx_word' id='word_1_155' title='bbox 216 2169 326 2214; x_wconf 89' lang='lat' dir='ltr'><strong>munus</strong></span> <span class='ocrx_word' id='word_1_156' title='bbox 338 2153 459 2230; x_wconf 90' lang='lat' dir='ltr'><strong>attinet,</strong></span> <span class='ocrx_word' id='word_1_157' title='bbox 474 2159 626 2231; x_wconf 85' lang='lat' dir='ltr'><strong>utaequa</strong></span> <span class='ocrx_word' id='word_1_158' title='bbox 640 2151 730 2213; x_wconf 89' lang='lat' dir='ltr'><strong>divini</strong></span> <span class='ocrx_word' id='word_1_159' title='bbox 743 2153 841 2214; x_wconf 91' lang='lat' dir='ltr'><strong>cultus</strong></span> <span class='ocrx_word' id='word_1_160' title='bbox 856 2151 1043 2228; x_wconf 86' lang='lat' dir='ltr'><strong>imminutio,</strong></span> <span class='ocrx_word' id='word_1_161' title='bbox 1056 2155 1107 2211; x_wconf 90' lang='lat' dir='ltr'><strong>aut</strong></span> <span class='ocrx_word' id='word_1_162' title='bbox 1119 2147 1222 2210; x_wconf 76' lang='lat' dir='ltr'><strong>nunus</strong></span> <span class='ocrx_word' id='word_1_163' title='bbox 1233 2167 1326 2229; x_wconf 79' lang='lat' dir='ltr'><strong>aequa</strong></span> <span class='ocrx_word' id='word_1_164' title='bbox 1338 2148 1369 2209; x_wconf 91' lang='lat' dir='ltr'><strong>in</strong></span> 
     </span>
     <span class='ocr_line' id='line_1_19' title="bbox 215 2245 1369 2329; baseline -0.002 -22"><span class='ocrx_word' id='word_1_165' title='bbox 215 2249 328 2327; x_wconf 90' lang='lat' dir='ltr'><strong>populo</strong></span> <span class='ocrx_word' id='word_1_166' title='bbox 339 2248 440 2328; x_wconf 85' lang='lat' dir='ltr'><strong>opinio</strong></span> <span class='ocrx_word' id='word_1_167' title='bbox 452 2248 591 2311; x_wconf 92' lang='lat' dir='ltr'><strong>ordinum</strong></span> <span class='ocrx_word' id='word_1_168' title='bbox 603 2267 639 2310; x_wconf 90' lang='lat' dir='ltr'><strong>ac</strong></span> <span class='ocrx_word' id='word_1_169' title='bbox 649 2249 799 2329; x_wconf 84' lang='lat' dir='ltr'><strong>religionis</strong></span> <span class='ocrx_word' id='word_1_170' title='bbox 810 2248 1016 2310; x_wconf 89' lang='lat' dir='ltr'><strong>ministrorum</strong></span> <span class='ocrx_word' id='word_1_171' title='bbox 1032 2246 1100 2307; x_wconf 91' lang='lat' dir='ltr'><strong>inde</strong></span> <span class='ocrx_word' id='word_1_172' title='bbox 1112 2245 1240 2323; x_wconf 88' lang='lat' dir='ltr'><strong>oriatur,</strong></span> <span class='ocrx_word' id='word_1_173' title='bbox 1256 2245 1369 2328; x_wconf 87' lang='lat' dir='ltr'><strong>nequid</strong></span> 
     </span>
     <span class='ocr_line' id='line_1_20' title="bbox 218 2341 1371 2424; baseline 0.002 -21"><span class='ocrx_word' id='word_1_174' title='bbox 218 2344 415 2405; x_wconf 89' lang='lat' dir='ltr'><strong>immoderate</strong></span> <span class='ocrx_word' id='word_1_175' title='bbox 429 2344 499 2422; x_wconf 86' lang='lat' dir='ltr'><strong>fiat,</strong></span> <span class='ocrx_word' id='word_1_176' title='bbox 517 2344 645 2424; x_wconf 89' lang='lat' dir='ltr'><strong>denique</strong></span> <span class='ocrx_word' id='word_1_177' title='bbox 666 2364 704 2407; x_wconf 89' lang='lat' dir='ltr'><strong>ne</strong></span> <span class='ocrx_word' id='word_1_178' title='bbox 716 2345 864 2423; x_wconf 87' lang='lat' dir='ltr'><strong>judicium</strong></span> <span class='ocrx_word' id='word_1_179' title='bbox 878 2351 1014 2406; x_wconf 90' lang='lat' dir='ltr'><strong>nostrum</strong></span> <span class='ocrx_word' id='word_1_180' title='bbox 1034 2343 1065 2403; x_wconf 90' lang='lat' dir='ltr'><strong>in</strong></span> <span class='ocrx_word' id='word_1_181' title='bbox 1083 2341 1175 2403; x_wconf 93' lang='lat' dir='ltr'><strong>divini</strong></span> <span class='ocrx_word' id='word_1_182' title='bbox 1196 2341 1306 2422; x_wconf 86' lang='lat' dir='ltr'><strong>judicii</strong></span> <span class='ocrx_word' id='word_1_183' title='bbox 1326 2361 1371 2405; x_wconf 89' lang='lat' dir='ltr'><strong>se-</strong></span> 
     </span>
     <span class='ocr_line' id='line_1_21' title="bbox 217 2438 1371 2519; baseline 0.008 -22"><span class='ocrx_word' id='word_1_184' title='bbox 217 2438 373 2502; x_wconf 87' lang='lat' dir='ltr'><strong>veritatem</strong></span> <span class='ocrx_word' id='word_1_185' title='bbox 392 2445 482 2519; x_wconf 86' lang='lat' dir='ltr'><strong>atque</strong></span> <span class='ocrx_word' id='word_1_186' title='bbox 502 2440 789 2502; x_wconf 88' lang='lat' dir='ltr'><strong>animadversionem</strong></span> <span class='ocrx_word' id='word_1_187' title='bbox 810 2441 953 2503; x_wconf 88' lang='lat' dir='ltr'><strong>incurrat.</strong></span> <span class='ocrx_word' id='word_1_188' title='bbox 972 2440 1020 2502; x_wconf 84' lang='lat' dir='ltr'><strong>Ad</strong></span> <span class='ocrx_word' id='word_1_189' title='bbox 1040 2439 1244 2502; x_wconf 86' lang='lat' dir='ltr'><strong>amovendum</strong></span> <span class='ocrx_word' id='word_1_190' title='bbox 1265 2441 1371 2506; x_wconf 87' lang='lat' dir='ltr'><strong>istius-</strong></span> 
     </span>
     <span class='ocr_line' id='line_1_22' title="bbox 218 2536 1370 2619; baseline 0.007 -24"><span class='ocrx_word' id='word_1_191' title='bbox 218 2536 300 2596; x_wconf 89' lang='lat' dir='ltr'><strong>modi</strong></span> <span class='ocrx_word' id='word_1_192' title='bbox 319 2537 459 2598; x_wconf 90' lang='lat' dir='ltr'><strong>timorem</strong></span> <span class='ocrx_word' id='word_1_193' title='bbox 480 2538 668 2615; x_wconf 84' lang='lat' dir='ltr'><strong>Majestatem</strong></span> <span class='ocrx_word' id='word_1_194' title='bbox 688 2541 785 2600; x_wconf 85' lang='lat' dir='ltr'><strong>Tuam</strong></span> <span class='ocrx_word' id='word_1_195' title='bbox 808 2558 966 2618; x_wconf 81' lang='lat' dir='ltr'><strong>rogamus,</strong></span> <span class='ocrx_word' id='word_1_196' title='bbox 990 2537 1092 2599; x_wconf 90' lang='lat' dir='ltr'><strong>omnia</strong></span> <span class='ocrx_word' id='word_1_197' title='bbox 1105 2543 1140 2598; x_wconf 93' lang='lat' dir='ltr'><strong>ut</strong></span> <span class='ocrx_word' id='word_1_198' title='bbox 1158 2536 1240 2599; x_wconf 86' lang='lat' dir='ltr'><strong>effici</strong></span> <span class='ocrx_word' id='word_1_199' title='bbox 1265 2558 1370 2619; x_wconf 89' lang='lat' dir='ltr'><strong>cures,</strong></span> 
     </span>
     <span class='ocr_line' id='line_1_23' title="bbox 217 2630 1372 2716; baseline 0.008 -25"><span class='ocrx_word' id='word_1_200' title='bbox 217 2630 290 2691; x_wconf 92' lang='lat' dir='ltr'><strong>nihil</strong></span> <span class='ocrx_word' id='word_1_201' title='bbox 311 2637 341 2693; x_wconf 90' lang='lat' dir='ltr'><strong>et</strong></span> <span class='ocrx_word' id='word_1_202' title='bbox 354 2649 459 2693; x_wconf 91' lang='lat' dir='ltr'><strong>eorum</strong></span> <span class='ocrx_word' id='word_1_203' title='bbox 474 2634 659 2713; x_wconf 84' lang='lat' dir='ltr'><strong>praetermitti</strong></span> <span class='ocrx_word' id='word_1_204' title='bbox 682 2635 779 2713; x_wconf 90' lang='lat' dir='ltr'><strong>sinas,</strong></span> <span class='ocrx_word' id='word_1_205' title='bbox 800 2654 865 2715; x_wconf 82' lang='lat' dir='ltr'><strong>que</strong></span> <span class='ocrx_word' id='word_1_206' title='bbox 888 2637 926 2696; x_wconf 90' lang='lat' dir='ltr'><strong>ad</strong></span> <span class='ocrx_word' id='word_1_207' title='bbox 946 2635 1153 2716; x_wconf 87' lang='lat' dir='ltr'><strong>gravissimam</strong></span> <span class='ocrx_word' id='word_1_208' title='bbox 1166 2653 1234 2697; x_wconf 86' lang='lat' dir='ltr'><strong>rem</strong></span> <span class='ocrx_word' id='word_1_209' title='bbox 1253 2636 1372 2700; x_wconf 85' lang='lat' dir='ltr'><strong>riteac</strong></span> 
     </span>
     <span class='ocr_line' id='line_1_24' title="bbox 217 2729 1373 2814; baseline 0.008 -26"><span class='ocrx_word' id='word_1_210' title='bbox 217 2729 293 2789; x_wconf 92' lang='lat' dir='ltr'><strong>bene</strong></span> <span class='ocrx_word' id='word_1_211' title='bbox 315 2729 662 2809; x_wconf 84' lang='lat' dir='ltr'><strong>gerendamconferant.</strong></span> <span class='ocrx_word' id='word_1_212' title='bbox 688 2734 748 2794; x_wconf 90' lang='lat' dir='ltr'><strong>Nos</strong></span> <span class='ocrx_word' id='word_1_213' title='bbox 772 2741 932 2814; x_wconf 85' lang='lat' dir='ltr'><strong>propterea</strong></span> <span class='ocrx_word' id='word_1_214' title='bbox 954 2735 985 2795; x_wconf 90' lang='lat' dir='ltr'><strong>in</strong></span> <span class='ocrx_word' id='word_1_215' title='bbox 1014 2732 1120 2795; x_wconf 89' lang='lat' dir='ltr'><strong>litteris</strong></span> <span class='ocrx_word' id='word_1_216' title='bbox 1151 2732 1189 2793; x_wconf 89' lang='lat' dir='ltr'><strong>ad</strong></span> <span class='ocrx_word' id='word_1_217' title='bbox 1215 2734 1373 2797; x_wconf 89' lang='lat' dir='ltr'><strong>Nuncium</strong></span> 
     </span>
     <span class='ocr_line' id='line_1_25' title="bbox 217 2824 1372 2909; baseline 0.006 -23"><span class='ocrx_word' id='word_1_218' title='bbox 217 2831 355 2886; x_wconf 91' lang='lat' dir='ltr'><strong>nostrum</strong></span> <span class='ocrx_word' id='word_1_219' title='bbox 369 2824 464 2905; x_wconf 90' lang='lat' dir='ltr'><strong>datis,</strong></span> <span class='ocrx_word' id='word_1_220' title='bbox 478 2827 608 2892; x_wconf 90' lang='lat' dir='ltr'><strong>eundem</strong></span> <span class='ocrx_word' id='word_1_221' title='bbox 619 2828 706 2890; x_wconf 90' lang='lat' dir='ltr'><strong>valde</strong></span> <span class='ocrx_word' id='word_1_222' title='bbox 724 2828 837 2890; x_wconf 88' lang='lat' dir='ltr'><strong>hortati</strong></span> <span class='ocrx_word' id='word_1_223' title='bbox 851 2849 974 2908; x_wconf 85' lang='lat' dir='ltr'><strong>snmus,</strong></span> <span class='ocrx_word' id='word_1_224' title='bbox 985 2828 1071 2909; x_wconf 90' lang='lat' dir='ltr'><strong>eique</strong></span> <span class='ocrx_word' id='word_1_225' title='bbox 1083 2829 1372 2895; x_wconf 88' lang='lat' dir='ltr'><strong>commendavimus</strong></span> 
     </span>
     <span class='ocr_line' id='line_1_26' title="bbox 218 2923 1373 3008; baseline 0.007 -24"><span class='ocrx_word' id='word_1_226' title='bbox 218 2924 250 2984; x_wconf 90' lang='lat' dir='ltr'><strong>id</strong></span> <span class='ocrx_word' id='word_1_227' title='bbox 270 2924 352 3004; x_wconf 92' lang='lat' dir='ltr'><strong>quod</strong></span> <span class='ocrx_word' id='word_1_228' title='bbox 373 2931 403 2985; x_wconf 93' lang='lat' dir='ltr'><strong>te</strong></span> <span class='ocrx_word' id='word_1_229' title='bbox 425 2923 523 3005; x_wconf 88' lang='lat' dir='ltr'><strong>ipsam</strong></span> <span class='ocrx_word' id='word_1_230' title='bbox 545 2945 601 3006; x_wconf 89' lang='lat' dir='ltr'><strong>pro</strong></span> <span class='ocrx_word' id='word_1_231' title='bbox 622 2925 733 2989; x_wconf 88' lang='lat' dir='ltr'><strong>eximia</strong></span> <span class='ocrx_word' id='word_1_232' title='bbox 749 2933 802 2989; x_wconf 89' lang='lat' dir='ltr'><strong>tua</strong></span> <span class='ocrx_word' id='word_1_233' title='bbox 821 2927 932 3008; x_wconf 89' lang='lat' dir='ltr'><strong>pietate</strong></span> <span class='ocrx_word' id='word_1_234' title='bbox 951 2926 1073 2988; x_wconf 90' lang='lat' dir='ltr'><strong>omnino</strong></span> <span class='ocrx_word' id='word_1_235' title='bbox 1089 2926 1163 2987; x_wconf 92' lang='lat' dir='ltr'><strong>velle</strong></span> <span class='ocrx_word' id='word_1_236' title='bbox 1187 2945 1223 2988; x_wconf 90' lang='lat' dir='ltr'><strong>ac</strong></span> <span class='ocrx_word' id='word_1_237' title='bbox 1236 2929 1373 3008; x_wconf 92' lang='lat' dir='ltr'><strong>probare</strong></span> 
     </span>
     <span class='ocr_line' id='line_1_27' title="bbox 217 3022 1374 3107; baseline 0.005 -25"><span class='ocrx_word' id='word_1_238' title='bbox 217 3022 371 3101; x_wconf 86' lang='lat' dir='ltr'><strong>duximus,</strong></span> <span class='ocrx_word' id='word_1_239' title='bbox 384 3023 527 3085; x_wconf 90' lang='lat' dir='ltr'><strong>nimirum</strong></span> <span class='ocrx_word' id='word_1_240' title='bbox 536 3030 570 3085; x_wconf 90' lang='lat' dir='ltr'><strong>ut</strong></span> <span class='ocrx_word' id='word_1_241' title='bbox 579 3024 618 3085; x_wconf 93' lang='lat' dir='ltr'><strong>ab</strong></span> <span class='ocrx_word' id='word_1_242' title='bbox 629 3025 771 3107; x_wconf 92' lang='lat' dir='ltr'><strong>episcopo</strong></span> <span class='ocrx_word' id='word_1_243' title='bbox 792 3027 822 3087; x_wconf 92' lang='lat' dir='ltr'><strong>in</strong></span> <span class='ocrx_word' id='word_1_244' title='bbox 836 3044 966 3107; x_wconf 90' lang='lat' dir='ltr'><strong>quorum</strong></span> <span class='ocrx_word' id='word_1_245' title='bbox 986 3024 1103 3086; x_wconf 87' lang='lat' dir='ltr'><strong>dioecesi</strong></span> <span class='ocrx_word' id='word_1_246' title='bbox 1113 3024 1171 3085; x_wconf 91' lang='lat' dir='ltr'><strong>sita</strong></span> <span class='ocrx_word' id='word_1_247' title='bbox 1190 3031 1264 3086; x_wconf 88' lang='lat' dir='ltr'><strong>sunt</strong></span> <span class='ocrx_word' id='word_1_248' title='bbox 1276 3045 1374 3106; x_wconf 87' lang='lat' dir='ltr'><strong>regu-</strong></span> 
     </span>
     <span class='ocr_line' id='line_1_28' title="bbox 217 3120 1372 3204; baseline 0.004 -24"><span class='ocrx_word' id='word_1_249' title='bbox 217 3121 326 3181; x_wconf 91' lang='lat' dir='ltr'><strong>larium</strong></span> <span class='ocrx_word' id='word_1_250' title='bbox 337 3122 519 3182; x_wconf 89' lang='lat' dir='ltr'><strong>monasteria</strong></span> <span class='ocrx_word' id='word_1_251' title='bbox 529 3120 566 3182; x_wconf 89' lang='lat' dir='ltr'><strong>de</strong></span> <span class='ocrx_word' id='word_1_252' title='bbox 578 3141 680 3184; x_wconf 92' lang='lat' dir='ltr'><strong>rerum</strong></span> <span class='ocrx_word' id='word_1_253' title='bbox 693 3124 829 3186; x_wconf 90' lang='lat' dir='ltr'><strong>omnium</strong></span> <span class='ocrx_word' id='word_1_254' title='bbox 843 3131 924 3187; x_wconf 87' lang='lat' dir='ltr'><strong>statu</strong></span> <span class='ocrx_word' id='word_1_255' title='bbox 936 3122 1122 3204; x_wconf 88' lang='lat' dir='ltr'><strong>exquireret,</strong></span> <span class='ocrx_word' id='word_1_256' title='bbox 1141 3128 1171 3183; x_wconf 92' lang='lat' dir='ltr'><strong>et</strong></span> <span class='ocrx_word' id='word_1_257' title='bbox 1187 3140 1248 3184; x_wconf 89' lang='lat' dir='ltr'><strong>non</strong></span> <span class='ocrx_word' id='word_1_258' title='bbox 1267 3123 1372 3185; x_wconf 90' lang='lat' dir='ltr'><strong>solum</strong></span> 
     </span>
     <span class='ocr_line' id='line_1_29' title="bbox 217 3216 1372 3302; baseline 0.003 -24"><span class='ocrx_word' id='word_1_259' title='bbox 217 3219 255 3280; x_wconf 90' lang='lat' dir='ltr'><strong>de</strong></span> <span class='ocrx_word' id='word_1_260' title='bbox 267 3216 411 3279; x_wconf 90' lang='lat' dir='ltr'><strong>reditibus</strong></span> <span class='ocrx_word' id='word_1_261' title='bbox 419 3221 685 3295; x_wconf 89' lang='lat' dir='ltr'><strong>monasteriorum,</strong></span> <span class='ocrx_word' id='word_1_262' title='bbox 699 3240 805 3283; x_wconf 91' lang='lat' dir='ltr'><strong>verum</strong></span> <span class='ocrx_word' id='word_1_263' title='bbox 824 3221 916 3284; x_wconf 90' lang='lat' dir='ltr'><strong>etiam</strong></span> <span class='ocrx_word' id='word_1_264' title='bbox 927 3221 1076 3302; x_wconf 75' lang='lat' dir='ltr'><strong>precipue</strong></span> <span class='ocrx_word' id='word_1_265' title='bbox 1087 3217 1126 3280; x_wconf 89' lang='lat' dir='ltr'><strong>dc</strong></span> <span class='ocrx_word' id='word_1_266' title='bbox 1138 3219 1372 3300; x_wconf 86' lang='lat' dir='ltr'><strong>opportunitate</strong></span> 
     </span>
     <span class='ocr_line' id='line_1_30' title="bbox 217 3314 1373 3401; baseline 0.006 -27"><span class='ocrx_word' id='word_1_267' title='bbox 217 3314 424 3392; x_wconf 88' lang='lat' dir='ltr'><strong>religiosorum</strong></span> <span class='ocrx_word' id='word_1_268' title='bbox 443 3315 593 3394; x_wconf 85' lang='lat' dir='ltr'><strong>virorum,</strong></span> <span class='ocrx_word' id='word_1_269' title='bbox 608 3323 638 3377; x_wconf 91' lang='lat' dir='ltr'><strong>et</strong></span> <span class='ocrx_word' id='word_1_270' title='bbox 657 3318 804 3396; x_wconf 88' lang='lat' dir='ltr'><strong>utilitate,</strong></span> <span class='ocrx_word' id='word_1_271' title='bbox 822 3339 915 3401; x_wconf 90' lang='lat' dir='ltr'><strong>quam</strong></span> <span class='ocrx_word' id='word_1_272' title='bbox 938 3319 1008 3381; x_wconf 90' lang='lat' dir='ltr'><strong>iude</strong></span> <span class='ocrx_word' id='word_1_273' title='bbox 1029 3319 1215 3380; x_wconf 88' lang='lat' dir='ltr'><strong>Christianus</strong></span> <span class='ocrx_word' id='word_1_274' title='bbox 1233 3320 1373 3400; x_wconf 90' lang='lat' dir='ltr'><strong>populus</strong></span> 
     </span>
     <span class='ocr_line' id='line_1_31' title="bbox 218 3411 1373 3497; baseline 0.009 -25"><span class='ocrx_word' id='word_1_275' title='bbox 218 3413 334 3490; x_wconf 88' lang='lat' dir='ltr'><strong>capiat,</strong></span> <span class='ocrx_word' id='word_1_276' title='bbox 357 3411 563 3492; x_wconf 89' lang='lat' dir='ltr'><strong>interrogaret.</strong></span> <span class='ocrx_word' id='word_1_277' title='bbox 587 3415 718 3497; x_wconf 68' lang='lat' dir='ltr'><strong>Tu‘ipsa</strong></span> <span class='ocrx_word' id='word_1_278' title='bbox 739 3418 881 3497; x_wconf 83' lang='lat' dir='ltr'><strong>praeclare</strong></span> <span class='ocrx_word' id='word_1_279' title='bbox 903 3416 1060 3495; x_wconf 77' lang='lat' dir='ltr'><strong>intelligiS,</strong></span> <span class='ocrx_word' id='word_1_280' title='bbox 1088 3423 1239 3496; x_wconf 88' lang='lat' dir='ltr'><strong>quantum</strong></span> <span class='ocrx_word' id='word_1_281' title='bbox 1267 3418 1373 3482; x_wconf 88' lang='lat' dir='ltr'><strong>valere</strong></span> 
     </span>
     <span class='ocr_line' id='line_1_32' title="bbox 219 3506 1374 3594; baseline 0.01 -27"><span class='ocrx_word' id='word_1_282' title='bbox 219 3506 333 3588; x_wconf 83' lang='lat' dir='ltr'><strong>possint</strong></span> <span class='ocrx_word' id='word_1_283' title='bbox 346 3506 384 3567; x_wconf 91' lang='lat' dir='ltr'><strong>ad</strong></span> <span class='ocrx_word' id='word_1_284' title='bbox 393 3507 548 3569; x_wconf 89' lang='lat' dir='ltr'><strong>veritatem</strong></span> <span class='ocrx_word' id='word_1_285' title='bbox 559 3511 776 3591; x_wconf 88' lang='lat' dir='ltr'><strong>assequendam</strong></span> <span class='ocrx_word' id='word_1_286' title='bbox 785 3532 893 3576; x_wconf 88' lang='lat' dir='ltr'><strong>eorum</strong></span> <span class='ocrx_word' id='word_1_287' title='bbox 903 3513 1074 3577; x_wconf 88' lang='lat' dir='ltr'><strong>testimonia</strong></span> <span class='ocrx_word' id='word_1_288' title='bbox 1081 3559 1089 3590; x_wconf 97' lang='lat'><strong>,</strong></span> <span class='ocrx_word' id='word_1_289' title='bbox 1100 3513 1152 3593; x_wconf 88' lang='lat' dir='ltr'><strong>qui</strong></span> <span class='ocrx_word' id='word_1_290' title='bbox 1162 3515 1374 3594; x_wconf 88' lang='lat' dir='ltr'><strong>speculatores</strong></span> 
     </span>
     <span class='ocr_line' id='line_1_33' title="bbox 220 3604 1375 3692; baseline 0.008 -26"><span class='ocrx_word' id='word_1_291' title='bbox 220 3624 255 3666; x_wconf 85' lang='lat' dir='ltr'><strong>ac</strong></span> <span class='ocrx_word' id='word_1_292' title='bbox 267 3604 405 3686; x_wconf 84' lang='lat' dir='ltr'><strong>presides</strong></span> <span class='ocrx_word' id='word_1_293' title='bbox 416 3604 446 3665; x_wconf 93' lang='lat' dir='ltr'><strong>in</strong></span> <span class='ocrx_word' id='word_1_294' title='bbox 459 3624 513 3667; x_wconf 88' lang='lat' dir='ltr'><strong>sua</strong></span> <span class='ocrx_word' id='word_1_295' title='bbox 525 3607 651 3688; x_wconf 91' lang='lat' dir='ltr'><strong>quisque</strong></span> <span class='ocrx_word' id='word_1_296' title='bbox 662 3608 780 3672; x_wconf 88' lang='lat' dir='ltr'><strong>dioecesi</strong></span> <span class='ocrx_word' id='word_1_297' title='bbox 793 3617 863 3672; x_wconf 88' lang='lat' dir='ltr'><strong>sunt</strong></span> <span class='ocrx_word' id='word_1_298' title='bbox 877 3610 1041 3672; x_wconf 88' lang='lat' dir='ltr'><strong>constituti.</strong></span> <span class='ocrx_word' id='word_1_299' title='bbox 1057 3612 1133 3672; x_wconf 84' lang='lat' dir='ltr'><strong>Cum</strong></span> <span class='ocrx_word' id='word_1_300' title='bbox 1147 3610 1205 3691; x_wconf 90' lang='lat' dir='ltr'><strong>ipsi</strong></span> <span class='ocrx_word' id='word_1_301' title='bbox 1218 3629 1375 3692; x_wconf 90' lang='lat' dir='ltr'><strong>superva-</strong></span> 
     </span>
     <span class='ocr_line' id='line_1_34' title="bbox 219 3705 1372 3788; baseline 0.003 -20"><span class='ocrx_word' id='word_1_302' title='bbox 219 3724 348 3768; x_wconf 88' lang='lat' dir='ltr'><strong>caneum</strong></span> <span class='ocrx_word' id='word_1_303' title='bbox 371 3723 434 3765; x_wconf 90' lang='lat' dir='ltr'><strong>esse</strong></span> <span class='ocrx_word' id='word_1_304' title='bbox 457 3705 648 3768; x_wconf 87' lang='lat' dir='ltr'><strong>affirmabunt</strong></span> <span class='ocrx_word' id='word_1_305' title='bbox 670 3725 829 3770; x_wconf 90' lang='lat' dir='ltr'><strong>numerum</strong></span> <span class='ocrx_word' id='word_1_306' title='bbox 849 3709 1058 3788; x_wconf 88' lang='lat' dir='ltr'><strong>religiosorum</strong></span> <span class='ocrx_word' id='word_1_307' title='bbox 1081 3708 1232 3786; x_wconf 88' lang='lat' dir='ltr'><strong>virorum,</strong></span> <span class='ocrx_word' id='word_1_308' title='bbox 1251 3710 1372 3772; x_wconf 88' lang='lat' dir='ltr'><strong>redun-</strong></span> 
     </span>
     <span class='ocr_line' id='line_1_35' title="bbox 219 3802 1373 3886; baseline 0.006 -23"><span class='ocrx_word' id='word_1_309' title='bbox 219 3805 323 3864; x_wconf 84' lang='lat' dir='ltr'><strong>dantes</strong></span> <span class='ocrx_word' id='word_1_310' title='bbox 348 3802 483 3881; x_wconf 88' lang='lat' dir='ltr'><strong>ipsorum</strong></span> <span class='ocrx_word' id='word_1_311' title='bbox 506 3802 637 3882; x_wconf 89' lang='lat' dir='ltr'><strong>reditus,</strong></span> <span class='ocrx_word' id='word_1_312' title='bbox 661 3823 772 3885; x_wconf 88' lang='lat' dir='ltr'><strong>eosque</strong></span> <span class='ocrx_word' id='word_1_313' title='bbox 799 3805 899 3866; x_wconf 90' lang='lat' dir='ltr'><strong>minus</strong></span> <span class='ocrx_word' id='word_1_314' title='bbox 923 3813 1109 3886; x_wconf 87' lang='lat' dir='ltr'><strong>opportunos</strong></span> <span class='ocrx_word' id='word_1_315' title='bbox 1136 3805 1175 3866; x_wconf 92' lang='lat' dir='ltr'><strong>ad</strong></span> <span class='ocrx_word' id='word_1_316' title='bbox 1198 3805 1373 3886; x_wconf 84' lang='lat' dir='ltr'><strong>spiritualia</strong></span> 
     </span>
     <span class='ocr_line' id='line_1_36' title="bbox 219 3901 1373 3982; baseline 0.002 -17"><span class='ocrx_word' id='word_1_317' title='bbox 219 3902 382 3965; x_wconf 85' lang='lat' dir='ltr'><strong>ministeria</strong></span> <span class='ocrx_word' id='word_1_318' title='bbox 396 3901 533 3964; x_wconf 89' lang='lat' dir='ltr'><strong>obeunda</strong></span> <span class='ocrx_word' id='word_1_319' title='bbox 554 3910 702 3981; x_wconf 90' lang='lat' dir='ltr'><strong>asserent,</strong></span> <span class='ocrx_word' id='word_1_320' title='bbox 716 3909 790 3965; x_wconf 91' lang='lat' dir='ltr'><strong>tunc</strong></span> <span class='ocrx_word' id='word_1_321' title='bbox 802 3921 859 3964; x_wconf 87' lang='lat' dir='ltr'><strong>nec</strong></span> <span class='ocrx_word' id='word_1_322' title='bbox 872 3902 963 3966; x_wconf 90' lang='lat' dir='ltr'><strong>divini</strong></span> <span class='ocrx_word' id='word_1_323' title='bbox 986 3902 1090 3982; x_wconf 85' lang='lat' dir='ltr'><strong>judicii</strong></span> <span class='ocrx_word' id='word_1_324' title='bbox 1107 3909 1207 3967; x_wconf 92' lang='lat' dir='ltr'><strong>metus</strong></span> <span class='ocrx_word' id='word_1_325' title='bbox 1229 3921 1291 3966; x_wconf 88' lang='lat' dir='ltr'><strong>nec</strong></span> <span class='ocrx_word' id='word_1_326' title='bbox 1308 3906 1373 3967; x_wconf 91' lang='lat' dir='ltr'><strong>ulla</strong></span> 
     </span>
     <span class='ocr_line' id='line_1_37' title="bbox 219 3988 1372 4082; baseline -0.001 -18"><span class='ocrx_word' id='word_1_327' title='bbox 219 3988 371 4065; x_wconf 83' lang='lat' dir='ltr'><strong>dubitatio</strong></span> <span class='ocrx_word' id='word_1_328' title='bbox 384 4019 447 4062; x_wconf 88' lang='lat' dir='ltr'><strong>esse</strong></span> <span class='ocrx_word' id='word_1_329' title='bbox 461 4001 586 4081; x_wconf 88' lang='lat' dir='ltr'><strong>poterit,</strong></span> <span class='ocrx_word' id='word_1_330' title='bbox 600 4002 673 4082; x_wconf 91' lang='lat' dir='ltr'><strong>quin</strong></span> <span class='ocrx_word' id='word_1_331' title='bbox 693 4020 730 4063; x_wconf 89' lang='lat' dir='ltr'><strong>ea</strong></span> <span class='ocrx_word' id='word_1_332' title='bbox 743 4001 867 4063; x_wconf 91' lang='lat' dir='ltr'><strong>consilia</strong></span> <span class='ocrx_word' id='word_1_333' title='bbox 882 4003 1051 4082; x_wconf 89' lang='lat' dir='ltr'><strong>capiantur,</strong></span> <span class='ocrx_word' id='word_1_334' title='bbox 1066 4020 1132 4082; x_wconf 87' lang='lat' dir='ltr'><strong>quae</strong></span> <span class='ocrx_word' id='word_1_335' title='bbox 1145 4001 1245 4080; x_wconf 85' lang='lat' dir='ltr'><strong>gregis</strong></span> <span class='ocrx_word' id='word_1_336' title='bbox 1258 4001 1372 4064; x_wconf 82' lang='lat' dir='ltr'><strong>Christi</strong></span> 
     </span>
     <span class='ocr_line' id='line_1_38' title="bbox 219 4097 1372 4180; baseline 0.003 -23"><span class='ocrx_word' id='word_1_337' title='bbox 219 4098 338 4159; x_wconf 88' lang='lat' dir='ltr'><strong>utilitati</strong></span> <span class='ocrx_word' id='word_1_338' title='bbox 352 4103 441 4160; x_wconf 91' lang='lat' dir='ltr'><strong>erunt</strong></span> <span class='ocrx_word' id='word_1_339' title='bbox 454 4098 737 4160; x_wconf 89' lang='lat' dir='ltr'><strong>accommodatiora.</strong></span> <span class='ocrx_word' id='word_1_340' title='bbox 753 4100 822 4172; x_wconf 81' lang='lat' dir='ltr'><strong>Qua</strong></span> <span class='ocrx_word' id='word_1_341' title='bbox 837 4105 938 4160; x_wconf 90' lang='lat' dir='ltr'><strong>autem</strong></span> <span class='ocrx_word' id='word_1_342' title='bbox 957 4097 1139 4160; x_wconf 90' lang='lat' dir='ltr'><strong>monasteria</strong></span> <span class='ocrx_word' id='word_1_343' title='bbox 1152 4115 1189 4158; x_wconf 86' lang='lat' dir='ltr'><strong>ex</strong></span> <span class='ocrx_word' id='word_1_344' title='bbox 1203 4097 1372 4180; x_wconf 88' lang='lat' dir='ltr'><strong>episcopo-</strong></span> 
     </span>
     <span class='ocr_line' id='line_1_39' title="bbox 219 4193 1373 4277; baseline 0.004 -24"><span class='ocrx_word' id='word_1_345' title='bbox 219 4212 288 4254; x_wconf 93' lang='lat' dir='ltr'><strong>rum</strong></span> <span class='ocrx_word' id='word_1_346' title='bbox 300 4193 446 4256; x_wconf 89' lang='lat' dir='ltr'><strong>sententia</strong></span> <span class='ocrx_word' id='word_1_347' title='bbox 457 4199 606 4255; x_wconf 89' lang='lat' dir='ltr'><strong>constaret</strong></span> <span class='ocrx_word' id='word_1_348' title='bbox 618 4201 789 4276; x_wconf 88' lang='lat' dir='ltr'><strong>opportuna</strong></span> <span class='ocrx_word' id='word_1_349' title='bbox 802 4213 867 4256; x_wconf 89' lang='lat' dir='ltr'><strong>esse</strong></span> <span class='ocrx_word' id='word_1_350' title='bbox 876 4195 1085 4277; x_wconf 77' lang='lat' dir='ltr'><strong>promovendae</strong></span> <span class='ocrx_word' id='word_1_351' title='bbox 1102 4194 1289 4276; x_wconf 90' lang='lat' dir='ltr'><strong>populorum</strong></span> <span class='ocrx_word' id='word_1_352' title='bbox 1300 4196 1373 4275; x_wconf 89' lang='lat' dir='ltr'><strong>pie-</strong></span> 
     </span>
     <span class='ocr_line' id='line_1_40' title="bbox 220 4291 1373 4375; baseline 0.003 -26"><span class='ocrx_word' id='word_1_353' title='bbox 220 4291 275 4350; x_wconf 86' lang='lat' dir='ltr'><strong>tati</strong></span> <span class='ocrx_word' id='word_1_354' title='bbox 287 4291 454 4353; x_wconf 79' lang='lat' dir='ltr'><strong>erudienda</strong></span> <span class='ocrx_word' id='word_1_355' title='bbox 465 4293 615 4370; x_wconf 83' lang='lat' dir='ltr'><strong>juventuti</strong></span> <span class='ocrx_word' id='word_1_356' title='bbox 628 4292 714 4354; x_wconf 89' lang='lat' dir='ltr'><strong>utilia</strong></span> <span class='ocrx_word' id='word_1_357' title='bbox 726 4299 815 4373; x_wconf 88' lang='lat' dir='ltr'><strong>atquc</strong></span> <span class='ocrx_word' id='word_1_358' title='bbox 827 4298 897 4373; x_wconf 91' lang='lat' dir='ltr'><strong>apta</strong></span> <span class='ocrx_word' id='word_1_359' title='bbox 917 4293 1082 4375; x_wconf 88' lang='lat' dir='ltr'><strong>apostolico</strong></span> <span class='ocrx_word' id='word_1_360' title='bbox 1096 4291 1265 4354; x_wconf 85' lang='lat' dir='ltr'><strong>ministerio</strong></span> <span class='ocrx_word' id='word_1_361' title='bbox 1278 4291 1373 4370; x_wconf 83' lang='lat' dir='ltr'><strong>adju-</strong></span> 
     </span>
     <span class='ocr_line' id='line_1_41' title="bbox 219 4385 1371 4469; baseline 0.003 -25"><span class='ocrx_word' id='word_1_362' title='bbox 219 4385 319 4446; x_wconf 88' lang='lat' dir='ltr'><strong>vando</strong></span> <span class='ocrx_word' id='word_1_363' title='bbox 339 4388 405 4467; x_wconf 91' lang='lat' dir='ltr'><strong>(qui</strong></span> <span class='ocrx_word' id='word_1_364' title='bbox 427 4396 498 4449; x_wconf 87' lang='lat' dir='ltr'><strong>tuus</strong></span> <span class='ocrx_word' id='word_1_365' title='bbox 518 4394 564 4448; x_wconf 89' lang='lat' dir='ltr'><strong>est</strong></span> <span class='ocrx_word' id='word_1_366' title='bbox 583 4387 731 4468; x_wconf 86' lang='lat' dir='ltr'><strong>religionis</strong></span> <span class='ocrx_word' id='word_1_367' title='bbox 751 4396 841 4469; x_wconf 89' lang='lat' dir='ltr'><strong>atque</strong></span> <span class='ocrx_word' id='word_1_368' title='bbox 860 4389 1007 4468; x_wconf 79' lang='lat' dir='ltr'><strong>equitatis</strong></span> <span class='ocrx_word' id='word_1_369' title='bbox 1028 4391 1130 4466; x_wconf 90' lang='lat' dir='ltr'><strong>amor)</strong></span> <span class='ocrx_word' id='word_1_370' title='bbox 1153 4394 1187 4449; x_wconf 91' lang='lat' dir='ltr'><strong>tu</strong></span> <span class='ocrx_word' id='word_1_371' title='bbox 1202 4388 1271 4468; x_wconf 89' lang='lat' dir='ltr'><strong>ipsa</strong></span> <span class='ocrx_word' id='word_1_372' title='bbox 1286 4394 1371 4450; x_wconf 85' lang='lat' dir='ltr'><strong>certe</strong></span> 
     </span>
     <span class='ocr_line' id='line_1_42' title="bbox 222 4482 1368 4568; baseline 0.002 -24"><span class='ocrx_word' id='word_1_373' title='bbox 222 4482 284 4567; x_wconf 87' lang='lat' dir='ltr'><strong>pati</strong></span> <span class='ocrx_word' id='word_1_374' title='bbox 298 4501 357 4544; x_wconf 91' lang='lat' dir='ltr'><strong>non</strong></span> <span class='ocrx_word' id='word_1_375' title='bbox 371 4504 490 4564; x_wconf 85' lang='lat' dir='ltr'><strong>posses,</strong></span> <span class='ocrx_word' id='word_1_376' title='bbox 506 4492 538 4547; x_wconf 96' lang='lat' dir='ltr'><strong>ut</strong></span> <span class='ocrx_word' id='word_1_377' title='bbox 551 4486 722 4564; x_wconf 89' lang='lat' dir='ltr'><strong>hujusmodi</strong></span> <span class='ocrx_word' id='word_1_378' title='bbox 735 4487 913 4550; x_wconf 86' lang='lat' dir='ltr'><strong>monasteria</strong></span> <span class='ocrx_word' id='word_1_379' title='bbox 925 4487 985 4549; x_wconf 88' lang='lat' dir='ltr'><strong>suis</strong></span> <span class='ocrx_word' id='word_1_380' title='bbox 1002 4488 1106 4566; x_wconf 85' lang='lat' dir='ltr'><strong>bonis,</strong></span> <span class='ocrx_word' id='word_1_381' title='bbox 1124 4488 1254 4568; x_wconf 90' lang='lat' dir='ltr'><strong>populos</strong></span> <span class='ocrx_word' id='word_1_382' title='bbox 1267 4485 1368 4548; x_wconf 85' lang='lat' dir='ltr'><strong>subsi-</strong></span> 
     </span>
    </p>
   </div>
   <div class='ocr_carea' id='block_1_3' title="bbox 0 0 1605 5414">
    <p class='ocr_par' dir='ltr' id='par_1_3' title="bbox 0 0 1605 5414">
     <span class='ocr_line' id='line_1_43' title="bbox 0 0 1605 5414; baseline 0 0"><span class='ocrx_word' id='word_1_383' title='bbox 0 0 1605 5414; x_wconf 95' lang='lat' dir='ltr'><strong> </strong></span> 
     </span>
    </p>
   </div>
  </div>
 </body>
</html>
