3188 5414
479 511 660 568 musanen
678 513 723 568 nr
744 513 879 567 nnnvm
898 514 1133 569 sennunonn.
1339 488 1375 577 aa

231 625 333 680 tecum
345 616 387 678 uti
406 617 517 697 possit,
529 624 620 697 prout
628 617 683 697 ipsi
695 617 842 681 videbitur
855 617 1044 680 conscientie
1058 624 1116 679 tua
1126 618 1303 698 expediens,
1324 628 1375 682 at-

230 733 291 794 que
309 719 513 794 opportunum
524 714 599 776 sore.
613 715 787 795 Apostobca
803 713 907 776 itidem
922 714 1115 791 auctoritate,
1135 733 1196 794 quo
1209 720 1269 776 tuae
1279 715 1374 777 devo·

230 811 303 873 tioni
322 810 419 890 magis
437 810 608 887 faveamus,
625 811 873 892 quotiescumque
893 810 931 872 ad
948 809 1170 875 sanctissbnum
1183 810 1377 888 Eucharistiae

230 915 453 970 sacramentum
466 908 693 990 percipiendum
710 908 886 985 accesseris,
901 907 989 970 toties
1005 906 1241 988 tibiiplenarium
1253 925 1272 968 a
1282 907 1374 969 Nobis

230 1001 445 1083 indulgentiam
460 1003 583 1066 concedi
594 1004 794 1066 declaramus.
806 1006 933 1066 Domum
944 1011 975 1066 et
985 1002 1110 1065 dilectas
1122 1001 1154 1068 in
1168 1002 1287 1066 Christo
1299 1002 1375 1066 filias

228 1117 331 1161 sacras
344 1098 417 1161 istas
439 1100 574 1180 Virgines
588 1108 656 1163 tuas
674 1101 704 1163 in
718 1101 846 1189 Domino
866 1099 979 1179 socias,
993 1111 1123 1184 quarum
1135 1100 1275 1181 precibus
1288 1099 1374 1162 valdo
1432 1144 1437 1153 -

228 1196 425 1273 confidimus,
439 1205 565 1278 paterna
577 1198 700 1260 caritate
718 1198 939 1280 prosequimur,
952 1198 1125 1279 eisdemque
1137 1197 1250 1280 pariter
1267 1198 1374 1279 plena-

228 1293 305 1355 riam
318 1292 545 1382 indulgentiam,
557 1296 675 1376 quoties
686 1303 756 1377 post
767 1303 962 1378 peccatorum
975 1295 1196 1359 consessionem
1206 1313 1292 1356 sacra
1304 1297 1373 1356 Cor-

228 1390 310 1470 poris
331 1390 438 1452 Christi
458 1392 672 1455 communione
690 1393 808 1456 relectas
828 1393 955 1470 luerint,
974 1392 1102 1472 benene
1115 1391 1274 1472 largimur,
1290 1392 1373 1472 quod

229 1495 392 1570 perspectae
409 1502 519 1554 eorum·
533 1489 638 1570 pietati
653 1490 831 1570 tribuimus,
852 1497 883 1553 et
902 1489 1039 1572 plurimae
1050 1489 1081 1552 in
1095 1508 1148 1551 eus
1160 1488 1373 1554 benevolentiae

227 1595 335 1652 nostrae
347 1597 523 1670 argumento
543 1592 773 1668 essevolumus,
789 1609 825 1652 ac
836 1596 980 1671 praterea
993 1585 1155 1669 participes
1166 1587 1234 1666 ejus
1247 1594 1373 1668 aposto-

227 1686 292 1747 liea
311 1686 528 1749 benedictionis
547 1687 690 1765 iacimus,
713 1705 806 1768 quam
820 1686 891 1765 tibi,
911 1686 1109 1750 Dilectissima
1126 1685 1156 1749 in
1177 1685 1294 1755 Christo
1312 1687 1372 1755 iilia

228 1787 348 1858 nostra,
363 1782 469 1845 intimo
482 1783 599 1864 paterni
610 1783 710 1846 cordis
725 1802 815 1845 sensu
825 1783 1029 1846 amantissime
1041 1782 1242 1863 impertimur.
1258 1785 1369 1851 maun

227 1877 344 1949 nomo,
360 1887 432 1950 etc,
448 1882 529 1942 dice
544 1883 619 1957 mqjt
636 1891 710 1942 1770
720 1924 729 1957 ,
740 1883 930 1958 pontificatue
942 1884 1040 1941 nostri
1055 1898 1138 1942 auno
1148 1886 1272 1960 primos

703 2003 888 2026 -r--r---

720 2111 860 2183 LXXV.

474 2271 652 2312 sanissimus
675 2271 710 2312 in
732 2271 865 2315 enursro
888 2268 981 2313 marn
1002 2269 1127 2313 nesrac
1187 2238 1190 2244 ’

269 2373 407 2435 manin
427 2365 629 2436 rnnnnsnn
648 2376 866 2437 nnnennin
885 2376 1043 2437 nucina
1062 2334 1329 2445 nrosromoe,

499 2491 625 2541 NECNON
641 2492 792 2541 BOHEMIAE
804 2491 932 2541 REGINAE
947 2491 1094 2540 ILLUSTRI

401 2594 434 2641 ΙΝ
450 2593 652 2643 ROMANORUM
667 2594 905 2644 IMPERATRICEM
920 2595 1049 2644 ELFBTAE
1061 2596 1184 2656 VIDUAE,

502 2704 762 2784 CLEMENS
798 2706 931 2785 PAPA
969 2706 1085 2784 XIV.

1006 2855 1106 2912 Rornae,
1123 2859 1151 2902 1²
1165 2853 1223 2914 maji
1238 2857 1305 2902 ttto.

264 2955 447 3024 Carissimo,
462 2961 519 3015 etc.
535 2956 605 3027 Qua
621 2955 777 3017 renunciat
792 2954 887 3018 Nobis
903 2955 995 3033 Regia
1005 2955 1146 3032 Mujestas
1162 2957 1229 3015 Tua
1248 2960 1369 3033 peracta

222 3065 288 3108 asse
298 3048 473 3129 nuptiarum
484 3051 630 3113 solemnia
640 3051 718 3113 inter
729 3050 953 3114 dilectissimam
961 3050 993 3111 in
1003 3049 1225 3117 Christoliliam
1233 3055 1369 3113 nostram

221 3143 349 3209 Mariam
368 3145 530 3210 Antoniam
542 3148 735 3211 archiducem
755 3149 881 3212 Austria
892 3155 1046 3231 tuamper
1063 3167 1186 3212 manem
1205 3148 1316 3228 libam,
1337 3159 1369 3220 ct

220 3244 446 3307 dilectissimum
456 3246 560 3309 itidem
572 3247 603 3308 in
614 3247 731 3310 Christo
743 3247 840 3309 filium
849 3254 988 3310 nostrum
997 3246 1184 3310 Ludovicum
1196 3247 1367 3326 Augustum

220 3345 351 3407 Francia
365 3346 561 3428 Delphinum,
579 3346 711 3428 plurima
728 3347 790 3407 Nos
809 3345 916 3407 eadem
930 3344 1096 3408 mleoeruut
1107 3343 1234 3425 gaudi03
1249 3363 1322 3422 nam
1336 3353 1367 3407 at

219 3444 343 3504 Nostros
356 3459 422 3503 esse
438 3443 630 3521 arbitramur,
644 3460 710 3522 quar
723 3448 782 3502 tuae
793 3447 863 3503 suut
873 3441 979 3505 latitia
992 3460 1107 3519 causa,
1120 3447 1198 3503 etex
1211 3446 1366 3507 tantarum

220 3537 401 3600 familiarum
415 3540 626 3618 conjunctione
642 3538 791 3602 maximas
808 3537 840 3599 in
859 3537 1027 3602 christiana
1043 3539 1215 3620 reipublicae
1233 3538 1364 3615 bonum„

220 3634 422 3716 Ecclesircque
436 3636 590 3700 catholice
601 3635 818 3698 incrementum
827 3634 974 3698 extituras
984 3635 1224 3716 opportunitates
1232 3652 1292 3697 non
1304 3634 1366 3696 du-

220 3731 361 3795 bitamus.
381 3735 478 3808 Quare
492 3752 616 3814 magnas
633 3733 687 3794 tibi
700 3732 739 3794 de
751 3732 904 3795 luculento
918 3730 1093 3810 hujusmodi
1115 3731 1367 3810 nobiscumpeu*

220 3835 288 3890 acto
306 3828 407 3892 officio
420 3828 568 3891 habemus
586 3828 715 3909 gratias,
729 3835 760 3891 et
781 3827 913 3891 divinam
934 3825 1149 3906 benignitatem
1166 3825 1252 3888 enixe
1273 3825 1364 3889 obse-

219 3942 358 4004 cramus,
382 3932 416 3987 ut
438 3925 498 3986 hoe
520 3924 582 3987 suis
605 3923 713 3987 initum
728 3923 869 4006 auspiciis
891 3921 1066 4003 eonjugium
1089 3918 1222 3985 uberiori
1246 3937 1364 4001 semper

220 4023 386 4085 caelestium
405 4023 648 4086 benedictionum
662 4023 750 4105 copia
762 4027 974 4104 prosequatur,
987 4017 1196 4099 auctioresqne
1208 4013 1316 4079 exinde
1328 4033 1363 4078 ac

219 4119 315 4180 inulto
333 4121 545 4183 cumulationes
564 4120 655 4182 iaciat
666 4120 696 4181 in
717 4120 780 4182 dies
795 4138 866 4182 cum
884 4126 958 4192 tuae,
971 4125 1037 4181 tum
1050 4124 1158 4180 nostra
1166 4113 1362 4196 J‘ucunditatis

218 4215 361 4278 rationes.
373 4217 418 4277 Ac
427 4217 524 4297 Regiae
539 4216 688 4296 Majestati
700 4218 771 4279 'luae
783 4217 889 4279 intimo
902 4215 1000 4279 cordis
1013 4213 1108 4278 nostri
1123 4210 1241 4295 paterni
1252 4229 1360 4287 sensu,

218 4311 333 4392 totique
342 4313 612 4393 Augustaefamiliae
621 4314 828 4395 Apostolicam
836 4312 1074 4376 benedictionem
1088 4308 1292 4375 amantissime
1301 4308 1362 4370 im-

217 4409 374 4488 pertimur.
388 4411 503 4472 Datum
515 4413 631 4483 Romae,
652 4420 723 4489 etc,
741 4414 791 4474 dic
807 4422 841 4471 ra
857 4413 933 4488 maji
948 4421 1042 4488 1770,
1060 4411 1255 4490 pontificatus
1269 4411 1362 4468 nostri

198 4559 204 4568 .
218 4525 297 4566 uarro
307 4525 416 4585 proruo.

694 4598 876 4610 ——-—-—-
