3188 5414
233 498 285 550 roe
663 492 866 547 occursuris
884 458 950 547 inv¹

232 619 312 661 nunc
335 607 465 681 quatuor
481 598 662 680 accepimus,
677 598 787 678 quibus
801 599 887 659 labor
905 599 959 659 iste
981 604 1050 659 tuus
1072 597 1181 659 eximia
1199 616 1273 659 eum
1300 597 1386 660 laude

231 697 431 758 concluditur.
450 695 647 776 Agnoscimus
657 712 729 756 sane
743 713 809 774 quae
829 701 883 757 tue
897 695 956 756 sint
968 695 1007 756 de
1024 714 1110 757 sacra
1124 695 1265 756 doctrina
1278 695 1385 757 merita

232 818 269 860 uc
280 815 472 878 summopere
482 798 618 859 laetamur
627 815 741 858 novum
749 794 818 856 inde
831 795 862 856 in
874 796 1069 878 Seraphicum
1077 795 1231 873 Ordinem,
1244 796 1385 858 enisum

232 913 357 976 mopere
371 893 538 971 studemus,
554 893 646 955 deens
657 893 812 971 accedere,
826 892 916 973 idque
928 892 1059 955 uberiori
1072 893 1166 954 Nobis
1180 892 1294 972 gaudio
1304 893 1384 954 futu-

231 1011 300 1053 rum
316 989 510 1066 confidimns,
525 1007 596 1051 cnm
615 988 736 1069 aliquod
755 988 966 1068 agravissimis
982 989 1232 1071 occupationibus
1253 1008 1381 1052 vacuum

230 1096 351 1168 tempus
370 1086 450 1148 nacti
469 1087 656 1149 luculentum
676 1092 763 1147 tuum
782 1085 854 1148 illud
869 1105 946 1165 opus
967 1087 1164 1167 perlegemus.
1187 1088 1319 1164 Interea,
1333 1087 1379 1148 di-

231 1187 306 1247 lecte
323 1185 381 1263 iili,
396 1184 527 1246 maxime
549 1184 602 1246 tibi
626 1202 804 1266 persuasum
823 1181 973 1263 cupimus,
994 1184 1159 1264 plurimum
1177 1201 1235 1244 nos
1249 1201 1316 1244 esse
1329 1189 1379 1245 tuo

230 1299 353 1358 munere
374 1281 547 1360 dilectatos,
572 1299 609 1342 ao
625 1281 773 1358 majorem
791 1280 822 1341 in
840 1279 966 1342 modum
987 1286 1109 1342 auctam
1125 1279 1157 1342 in
1177 1285 1208 1341 te
1222 1285 1379 1360 paternam
1436 1332 1438 1337 .

230 1378 468 1441 benevolentiam
486 1385 635 1456 nostram,
650 1378 682 1438 in
699 1378 785 1455 cnjus
806 1377 913 1458 pignus
927 1377 1125 1459 apostolicam
1137 1375 1378 1438 benedictionem
1413 1384 1416 1389 ’

230 1479 303 1557 tibi,
330 1477 437 1540 dilecte
455 1476 512 1553 iili,
532 1484 724 1559 peramanter
741 1475 941 1557 impertimun
967 1478 1080 1538 Datum
1106 1477 1221 1546 Romoe,
1241 1482 1312 1551 etc,
1329 1475 1377 1534 die

237 1588 253 1636 8
261 1576 417 1653 fcbmnn'i
435 1585 521 1652 1772,
534 1577 729 1654 pontificatus
745 1577 841 1634 nostre·
854 1590 934 1632 enno
950 1577 1050 1634 tertio.
1266 1586 1273 1598 ·

704 1789 891 1872 CLXXXV.

567 1931 700 1973 nrnncro
723 1930 806 1973 runo
829 1929 939 1973 nonrnr
960 1927 1038 1972 vrno

427 2019 680 2082 FREDERICO
707 2016 999 2080 LANDGRAVIO
1020 2015 1189 2078 BASSIAE

530 2123 764 2204 CLEMENS
790 2125 920 2203 PAPA
947 2121 1055 2201 XIV.

965 2267 1058 2324 Romae,
1076 2267 1102 2313 15
1115 2261 1230 2312 februarii
1242 2266 1312 2313 1772.
1386 2285 1390 2305 ·

227 2378 230 2383 ⁴
267 2355 396 2424 Dilecto,
410 2360 466 2414 etc.
476 2351 676 2412 Permolestns
687 2351 778 2412 Nobis
789 2351 907 2423 accidit,
918 2369 1010 2432 quem
1019 2335 1167 2411 nunciasti
1181 2367 1237 2430 per
1248 2348 1375 2413 litei-asa

226 2459 256 2512 te
269 2457 430 2532 perceptus
438 2450 524 2514 dolor
534 2469 572 2511 ex
587 2451 672 2512 obitu
684 2449 874 2511 nobilissima
885 2449 999 2530 tibique
1014 2445 1174 2510 carissime
1187 2447 1374 2529 Principissn
1452 2519 1456 2527 ,

225 2548 325 2609 Maria
337 2541 473 2627 conjugis
484 2553 553 2624 tuae,
565 2552 677 2626 tuoque
687 2545 746 2606 hoc
763 2545 847 2607 luctu
864 2564 935 2607 eum
954 2544 1102 2607 afficimur
1116 2543 1148 2605 in
1168 2544 1312 2622 modum,
1322 2547 1372 2628 qui

225 2649 351 2724 paterno
361 2643 514 2724 singulari,
525 2643 628 2723 quoin
642 2649 672 2703 te
687 2661 803 2720 snmus,
816 2642 917 2705 animo
928 2641 1087 2703 consentit.
1102 2640 1161 2702 Sed
1172 2660 1237 2722 quo
1248 2649 1303 2705 tua
1312 2644 1372 2706 hec

225 2741 337 2803 doloris
355 2740 502 2803 acerbitas
520 2740 674 2822 aliquanto
687 2739 780 2801 levior
800 2757 865 2801 esse
885 2739 980 2821 possit
993 2738 1185 2803 vehementer
1198 2743 1248 2816 te,
1264 2739 1372 2801 dilecte

191 2852 195 2863 ’
224 2838 265 2899 lili
280 2838 389 2900 nobilis
402 2837 457 2917 vir,
478 2837 647 2916 hortamur,
668 2845 703 2899 ut
723 2838 936 2918 cogitationem
950 2845 1035 2900 tnam
1050 2837 1089 2900 ad
1113 2836 1249 2899 divinam
1262 2839 1375 2901 volun-

223 2945 317 3000 tatem
335 2945 507 3017 convertas,
522 2938 561 3000 ud
575 2955 669 3019 quam
683 2955 754 3000 cnm
772 2944 803 3000 te
816 2938 1062 3016 conformaveris,
1078 2936 1282 3000 certissimam
1303 2938 1373 3001 inde

222 3043 275 3096 tuo
288 3042 352 3097 tam
361 3035 444 3116 gravi
465 3033 578 3098 vulneri
595 3033 777 3096 medicinam
791 3032 910 3098 senties.
924 3037 1071 3096 Praeterea
1085 3037 1180 3096 Deum
1193 3034 1230 3096 0.
1246 3035 1289 3097 bl.
1305 3053 1373 3114 pre

222 3150 338 3210 camur,
361 3138 394 3194 nt
414 3124 469 3194 sua
485 3139 516 3194 te
536 3140 681 3214 tuamque
697 3131 831 3193 inclitam
854 3135 985 3195 Domum
1009 3131 1192 3213 benignitate
1212 3130 1365 3212 respiciet,

222 3233 314 3306 utque
332 3245 368 3289 eo
378 3228 510 3309 propitio
531 3228 737 3308 egritudinem
748 3228 827 3290 hanc
836 3229 936 3292 omnis
944 3247 1036 3310 porro
1049 3228 1112 3291 veri
1121 3228 1195 3292 boni
1208 3227 1370 3308 solideque

221 3323 370 3386 felicitatis
387 3325 526 3388 cumulus
536 3320 746 3406 consequatur.
760 3327 831 3400 Qne
844 3332 947 3389 nostra
964 3326 1002 3388 de
1020 3333 1049 3388 te
1067 3332 1139 3408 vota
1151 3325 1371 3388 confirmamus

222 3420 385 3499 apostolica
397 3421 615 3501 benedictione,
628 3439 721 3506 quam
732 3422 862 3486 uberiori
872 3429 1002 3504 paternae
1012 3429 1122 3486 nostrin
1131 3422 1264 3486 caritatis
1273 3411 1370 3505 ¹argu-

221 3524 323 3582 mento
348 3520 501 3584 Nobilitati
517 3527 576 3584 tua
600 3531 790 3604 peramanter
807 3522 1008 3606 impertimur.
1033 3525 1147 3587 Datum
1172 3524 1286 3594 Rome,
1309 3533 1368 3587 etc.

224 3631 257 3680 15
267 3616 420 3696 februarii
438 3627 728 3705 inuncabuntur
739 3629 836 3686 nostri
845 3641 928 3686 oneo
945 3626 1044 3685 tertio.

687 3837 888 3914 CLXXXVI.

434 3977 659 4022 nuncnrssrun
679 3980 714 4021 ru
736 3977 873 4023 cnnrsno
895 3980 991 4024 rma
1013 3978 1141 4023 unsrun

288 4063 465 4125 ALOYSIAE
484 4062 623 4126 MARIAE
640 4066 772 4127 REGIAE
791 4066 1023 4129 GALLIARUM
1041 4067 1296 4130 PRINCIPISSAE

524 4169 758 4251 CLEMENS
784 4174 914 4250 PAPA
941 4166 1048 4250 XIV.

945 4317 1039 4377 Roma,
1056 4321 1085 4364 te
1099 4313 1212 4364 februarii
1229 4318 1299 4364 1772.

256 4398 472 4472 dilectissimo,
484 4407 539 4462 etc.
551 4401 673 4463 Nullum
693 4402 788 4482 magis
808 4408 1045 4465 consentaneum
1057 4400 1171 4464 eximin
1183 4407 1292 4463 nostrae
1303 4421 1361 4483 pn-

216 4499 305 4556 terna
325 4513 395 4575 erga
412 4506 443 4560 te
462 4497 580 4561 caritati
599 4517 711 4562 mnnns
728 4518 793 4562 esse
813 4500 927 4582 potuit,
944 4517 1037 4580 quam
1056 4498 1137 4580 quod
1160 4505 1214 4584 tuo
1237 4500 1362 4562 nomine
