3188 5414
752 471 954 542 annuimus
972 470 1037 524 xiv

863 656 930 725 LX.

734 819 925 865 venenantur
949 821 1061 865 nannai

436 935 646 995 tvttnuunlo
667 934 838 995 ANTONIO
859 937 1043 998 EPISCOPO
1064 935 1358 1000 Pbuuuuoaunsr

632 1071 867 1151 CLEMENS
894 1072 1022 1153 PAPA
1050 1075 1154 1154 XIV.

1052 1247 1149 1306 Romae,
1168 1246 1321 1295 tarataram
1340 1251 1407 1296 1770.

368 1357 571 1426 Venerabilis,
588 1365 643 1417 etc.
657 1359 722 1431 Quo
734 1358 834 1420 animo
844 1359 1051 1440 exceperimus
1065 1357 1250 1420 Venerabilis
1261 1358 1373 1420 FratrIs
1383 1359 1476 1420 Elec·
1535 1424 1540 1432 ,

323 1452 396 1514 toris
413 1453 597 1517 colomensis
611 1473 666 1535 pro
679 1457 906 1519 Monasteriensi
925 1457 1047 1520 civitate
1060 1457 1226 1538 postulata,
1240 1474 1276 1518 ac
1288 1462 1341 1518 tua
1353 1456 1474 1533 seticum,

322 1569 388 1630 quaa
407 1550 513 1613 iisdem
526 1551 702 1631 conjungis,
717 1551 816 1615 studia
829 1552 915 1615 facile
929 1551 1100 1634 perspicere
1111 1552 1159 1613 vel
1172 1570 1207 1613 er
1222 1570 1260 1614 eo
1270 1558 1376 1634 potes,
1388 1552 1475 1633 quod

322 1666 388 1728 qua
402 1647 524 1711 aNobis
538 1649 652 1728 petitis,
669 1648 959 1717 adEmlesiasticam
969 1647 1159 1729 disciplinam
1171 1648 1414 1712 constituendam
1424 1649 1476 1710 ri-

323 1745 517 1828 cinarumque
529 1745 655 1807 istarum
668 1744 843 1809 dioecesium
854 1746 1013 1809 utilitatem
1027 1745 1212 1808 conductum
1222 1763 1286 1807 esse
1299 1744 1472 1808 videantur.

322 1844 420 1916 Quare
436 1849 467 1904 et
490 1843 682 1906 vehementer
705 1844 954 1908 commendamus
977 1848 1091 1906 vestras
1115 1841 1287 1921 huiusmodi
1308 1860 1415 1919 curas,
1441 1851 1474 1904 et

323 1939 504 2020 paratissimi
518 1958 623 2002 sumus
637 1941 761 2003 Nostros
777 1941 870 2002 etiam
884 1939 1054 2019 apostolica
1066 1937 1252 2000 auctoritatis
1263 1944 1364 2019 partes
1381 1937 1473 2000 inter-

323 2055 447 2118 ponere.
458 2037 542 2113 Quod
557 2032 680 2119 quidem
694 2043 760 2100 tum
774 2036 975 2118 perficiemus,
990 2053 1061 2099 cum
1072 2034 1275 2122 perspectiora
1288 2034 1383 2096 Nobis
1393 2052 1473 2097 nou-

322 2136 405 2200 nulla
424 2136 504 2199 sacta
522 2135 650 2213 fuerint,
665 2154 730 2215 quae
745 2135 783 2198 ad
795 2153 864 2197 eam
885 2152 950 2197 rem
970 2132 1059 2214 plane
1075 2130 1190 2213 percipi
1209 2150 1227 2194 a
1242 2131 1336 2194 Nobis
1350 2149 1474 2195 necesse
1584 2132 1586 2137 '

322 2250 387 2294 esse
403 2233 585 2310 judicamus.
601 2231 810 2295 Mandavimus
827 2231 928 2311 itaque
948 2229 1117 2292 Venerabili
1127 2229 1225 2293 Fratri
1242 2231 1475 2314 archiepiscopo

323 2327 415 2395 Iconii
431 2335 534 2394 nostro
547 2336 579 2392 et
590 2329 760 2412 apostolica
777 2329 862 2393 Sedis
874 2329 998 2407 nuntio,
1014 2335 1053 2398 ut
1067 2347 1104 2391 ea
1123 2328 1189 2409 ipsa
1209 2348 1280 2391 cum
1297 2328 1474 2397 Venerabili

322 2425 426 2492 Fratre
440 2426 577 2492 Electore
594 2426 761 2490 Coloniensi
781 2426 999 2503 communicet,
1015 2431 1155 2486 accurate
1179 2432 1360 2506 cognoscat,
1381 2446 1417 2490 ac
1433 2429 1475 2490 ad

323 2522 384 2594 Nos
398 2523 499 2584 statim
512 2542 567 2604 pro
579 2542 633 2586 sua
644 2523 703 2586 fide
715 2543 751 2586 ac
764 2523 917 2603 diligentia
929 2523 1106 2605 perscribat.
1120 2525 1226 2586 Cetera
1237 2543 1275 2585 ex
1285 2525 1351 2606 ipso
1360 2525 1475 2588 dilecto

322 2616 384 2678 tilio
397 2619 543 2690 canonico
554 2620 667 2684 barone
687 2621 725 2683 de
745 2624 851 2685 Drcste
865 2622 1027 2702 intelliges,
1043 2640 1137 2703 quam
1150 2621 1264 2684 scilicet
1277 2621 1309 2684 in
1329 2623 1475 2686 eumdem

322 2714 362 2777 ad
374 2717 436 2777 Nos
457 2717 651 2780 accedentem
664 2725 695 2781 et
712 2737 836 2781 suorum
858 2720 1036 2781 meritorum
1049 2725 1080 2780 et
1100 2725 1157 2781 tua
1181 2718 1368 2800 aliorumque
1383 2738 1476 2782 conr-

321 2815 529 2879 mendationes
552 2835 645 2880 causa
663 2819 804 2899 propensi
825 2818 988 2895 fuerimus,
1011 2825 1042 2880 et
1057 2836 1118 2898 qua
1142 2824 1268 2899 patema
1285 2817 1476 2897 benignitate

322 2912 421 2976 isthuc
435 2922 634 2981 revertentem
647 2935 882 2998 prosequamur;
897 2923 1040 2998 praterea
1051 2922 1081 2978 et
1096 2933 1190 2997 quam
1203 2917 1356 2979 luculenta
1367 2917 1476 2979 volun-

320 3019 383 3074 tate
403 3014 497 3077 simus
514 3034 586 3096 erga
604 3035 657 3079 vos
669 3023 827 3098 vestraque
845 3016 966 3092 omnin,
987 3035 1053 3096 qua
1069 3013 1192 3094 quidem
1213 3031 1250 3077 eo
1262 3013 1363 3078 studio
1382 3033 1475 3078 com-

320 3111 494 3190 plectimur,
509 3132 570 3193 quo
582 3116 716 3178 maxima
731 3113 880 3177 desiderio
900 3112 938 3173 de
951 3111 1045 3173 Nobis
1066 3116 1165 3172 vestro
1178 3110 1407 3175 satisfaciamus.
1425 3115 1475 3175 Ac

321 3206 353 3266 in
367 3208 528 3285 pontificiae
541 3210 675 3272 caritatis
695 3208 803 3288 pignus
820 3207 1017 3288 apostolicam
1029 3206 1271 3271 benedictionem
1284 3207 1355 3284 tibi,
1368 3209 1475 3270 Vene-
1584 3259 1586 3265 ,

320 3302 423 3364 rabilis
433 3306 547 3381 Frater,
555 3313 747 3386 peramanter
760 3305 962 3386 impertimur.
973 3308 1088 3368 Datum
1100 3307 1211 3379 aona,
1225 3315 1294 3384 ata,
1306 3307 1357 3367 alie
1374 3318 1409 3367 14
1417 3305 1474 3381 se-

321 3400 437 3461 naaria·
455 3412 545 3480 1770,
556 3405 748 3481 pontificatus
764 3408 954 3466 castriduno
966 3406 1078 3481 primo.

809 3552 984 3563 m

853 3677 936 3748 LXI.

658 3851 788 3894 nrnncro
812 3851 897 3893 armo
920 3851 1033 3893 namur
1054 3851 1130 3893 vrao

485 3958 680 4020 LUDOVICO
699 3959 879 4020 PHILIPPO
900 3957 996 4020 DUCI
1016 3957 1302 4021 auunulnnuusr

629 4089 863 4169 CLEMENS
891 4092 1019 4170 PAPA
1049 4093 1156 4171 XIV.

1050 4243 1149 4302 nome,
1164 4247 1193 4292 na
1206 4227 1401 4292 reparatura.

362 4353 492 4430 Dilecta,
512 4364 566 4415 etc.
592 4354 843 4435 AcceptIssimum
862 4354 955 4417 Nobis
971 4356 1027 4418 fuit
1048 4355 1182 4415 officium
1198 4353 1368 4415 Nobilitatis
1390 4361 1468 4430 tua,

319 4466 392 4527 quta,
405 4448 477 4510 darm
490 4453 631 4514 certiores
646 4453 707 4513 Nos
718 4453 792 4513 facis
806 4453 842 4515 dc
854 4453 1023 4515 constitutis
1038 4470 1074 4512 ex
1089 4452 1170 4530 regia
1184 4454 1337 4513 voluntate
1356 4450 1469 4530 nuptiis
1575 4489 1578 4492 -
