3188 5414
608 525 836 581 DOCUMENTA
854 526 982 580 vaula.
1314 533 1364 583 393

225 633 374 696 Societate
387 632 508 713 expelli,
528 630 697 710 dimittique
714 637 838 711 possent
849 630 944 703 Socii,
961 629 1057 691 forma
1072 630 1228 707 judiciaria
1242 631 1365 694 minime
1405 666 1407 674 ,

224 729 376 807 adhibita,
396 730 479 791 nulla
492 728 604 790 scilicet
621 727 773 807 premissa
792 726 999 807 inquisitione,
1013 726 1102 788 nullis
1120 726 1263 788 confectis
1278 730 1363 805 actis,

221 830 304 891 nullo
320 826 423 890 ordine
434 825 593 904 judiciario
605 830 738 902 servato,
756 825 904 904 nullisque
915 824 1051 887 terminis
1059 869 1068 901 ,
1078 825 1170 886 etiam
1179 825 1366 888 substantia-

222 926 300 987 libus
311 923 445 1000 servatis,
460 923 525 984 sola
535 921 606 984 facti
618 920 743 982 veritate
757 921 901 1001 inspecta,
914 921 1020 1000 culpa,
1032 921 1078 982 vel
1092 920 1278 982 rationabilis
1290 940 1366 983 cau-

223 1043 261 1084 sa
278 1029 396 1083 tantum
410 1021 526 1083 ratione
537 1020 652 1099 habita,
667 1039 702 1083 ac
723 1036 937 1100 personarum,
960 1019 1145 1098 aliarumque
1166 1018 1366 1081 circumstan-

223 1123 343 1182 tiarum.
360 1118 548 1181 Altissimunr
562 1119 683 1199 insuper
696 1118 848 1180 silentium
860 1118 1020 1198 imposuit,
1035 1117 1187 1196 vetuitque
1205 1118 1261 1178 sub
1279 1137 1366 1198 poena

222 1219 411 1300 potissimum
425 1216 742 1279 excommunicationis
755 1217 822 1278 late
838 1215 1004 1295 sententie,
1019 1233 1058 1276 ne
1081 1214 1148 1294 quis
1162 1214 1247 1275 dicta
1262 1215 1366 1277 Socie-

222 1314 292 1375 tatis
313 1312 503 1389 institutum,
524 1311 769 1390 constitutiones,
787 1317 840 1374 aut
860 1311 982 1373 decreta
1001 1311 1131 1390 directe,
1157 1312 1203 1372 vel
1223 1311 1365 1375 indirecte

222 1407 400 1491 impugnare
413 1409 551 1487 auderet,
565 1410 612 1470 vel
627 1409 738 1489 aliquid
752 1409 789 1471 de
801 1409 837 1470 iis
844 1409 950 1488 quovis
961 1409 1052 1470 modo
1065 1409 1217 1471 immutari
1232 1418 1361 1472 curaret.

222 1513 276 1571 Jus
286 1516 387 1570 tamen
401 1508 523 1570 cuilibet
536 1506 672 1587 reliquit,
685 1513 718 1568 ut
729 1506 874 1587 quidquid
889 1506 1078 1583 addendum,
1093 1507 1301 1584 minuendum,
1314 1516 1365 1569 aut

221 1605 442 1667 immutandum
453 1610 587 1667 censeret
598 1603 654 1665 sibi
669 1604 898 1682 tantummod0,
911 1623 929 1666 e
944 1605 1087 1666 Romanis
1101 1605 1199 1666 solum
1216 1605 1366 1667 Pontifici-

221 1703 277 1763 bus
290 1721 346 1782 pro
357 1707 494 1783 tempore
507 1700 702 1762 existentibus
714 1701 760 1762 vel
771 1701 953 1778 immediate,
966 1702 1012 1762 vel
1024 1720 1078 1781 per
1092 1701 1269 1781 Apostolicae
1280 1703 1365 1764 Sedis

220 1802 365 1878 Legatos,
377 1798 749 1877 seuNunciossigniiicare
760 1802 878 1877 posset,
893 1803 982 1876 atque
995 1814 1174 1877 proponere.

260 1910 309 1958 20.
325 1901 454 1960 Tantum
472 1916 542 1959 vero
562 1897 664 1974 abest,
683 1901 717 1956 ut
730 1895 793 1956 hacc
807 1895 910 1956 omnia
926 1895 1000 1956 satis
1017 1894 1127 1956 fuerint
1141 1895 1367 1975 compescendis

221 1995 361 2056 adversus
372 1995 552 2057 Societatem
564 1993 757 2069 clamoribus,
772 2000 802 2054 et
816 1993 955 2073 querelis,
967 1994 1040 2072 quin
1055 1995 1155 2074 potius
1169 2001 1275 2074 magis,
1296 2015 1366 2058 ma-

219 2093 323 2172 gisque
341 2092 511 2154 universum
525 2090 586 2153 fere
604 2090 714 2151 Orbem
728 2095 922 2170 pervaserunt
932 2090 1147 2152 molestissima
1158 2091 1380 2157 contentiones.

220 2191 257 2251 de
271 2189 426 2252 Societatis
435 2189 582 2266 doctrina,
595 2206 688 2269 quam
701 2186 770 2248 fidei
782 2187 874 2248 veluti
884 2186 1063 2249 Ortbodoxae
1072 2187 1219 2267 bonisque
1229 2189 1364 2251 moribus
1439 2250 1443 2263 ,

219 2294 434 2368 repugnantem
447 2285 568 2366 plurimi
584 2283 779 2346 traduxerunt
791 2307 801 2360 5
814 2283 985 2344 domestice
999 2283 1090 2344 etiam
1097 2327 1106 2361 ,
1121 2290 1307 2364 externaque
1319 2285 1366 2345 ef-

219 2383 391 2446 ferbuerunt
401 2381 615 2459 dissensiones,
628 2386 658 2442 et
671 2380 886 2461 frequentiores
899 2379 984 2441 facta
997 2386 1067 2441 sunt
1081 2381 1111 2441 in
1124 2399 1209 2458 eam,
1224 2381 1261 2442 de
1273 2382 1366 2443 nimia

218 2479 407 2560 potissimum
420 2485 606 2540 terrenorum
624 2479 774 2539 bonorum
784 2477 949 2558 cupiditate
961 2480 1182 2542 accusationes:
1198 2499 1235 2541 ex
1253 2481 1363 2560 quibus

219 2573 460 2638 omnibus'suam
477 2575 641 2637 hauserunt
654 2575 799 2655 originem
812 2581 878 2636 tum
895 2575 1135 2655 perturbationes
1149 2577 1205 2638 illa
1224 2579 1364 2640 omnibus

219 2674 291 2737 satis
306 2675 430 2754 cognita
441 2721 450 2752 ,
461 2695 526 2754 quae
538 2674 647 2736 Sedem
657 2675 863 2755 Apostolicam
873 2675 983 2754 ingenti
996 2693 1122 2736 moerore
1136 2674 1316 2752 affecerunt,
1330 2695 1365 2737 ac

218 2772 357 2832 molestia
366 2795 374 2846 ;
390 2777 456 2831 tum
470 2777 560 2850 capta
574 2790 592 2830 a
608 2771 797 2850 Principibus
813 2772 963 2832 nonnullis
981 2772 1011 2831 in
1030 2773 1209 2833 Societatem
1227 2774 1362 2834 consilia.

219 2871 283 2941 Quo
299 2867 413 2927 factum
434 2873 497 2943 est,
516 2871 549 2926 ut
567 2866 672 2926 eadem
693 2867 826 2927 Societas
844 2884 954 2927 novam
969 2867 1097 2928 Instituti
1113 2867 1176 2943 sui,
1193 2887 1228 2928 ac
1241 2869 1366 2948 privile<

219 2964 336 3041 giorum
356 2962 614 3027 confirmationem
636 2982 654 3023 a
673 2962 766 3025 felicis
787 2963 1000 3026 recordationis
1022 2965 1115 3026 Paulo
1138 2967 1219 3044 Papa
1232 2967 1270 3026 V.
1284 2969 1365 3028 Prae—

219 3060 375 3121 decessore
386 3068 490 3121 nostro
502 3059 715 3140 impetratura,
731 3068 836 3122 coacta
847 3061 935 3122 fuerit
949 3062 987 3122 ab
1001 3080 1039 3123 eo
1050 3068 1167 3141 petere,
1186 3068 1218 3123 ut
1229 3069 1295 3124 rata
1306 3065 1364 3125 ha-

219 3157 289 3217 bere
301 3157 402 3234 vellet,
416 3174 530 3236 suaque
547 3156 726 3217 confirmare
741 3157 918 3219 auctoritate
936 3157 1057 3218 decreta
1068 3158 1204 3237 quedam
1218 3158 1248 3219 in
1260 3160 1371 3239 quinta.

219 3252 348 3331 generali
362 3251 594 3332 Congregatione
606 3252 704 3330 edita,
722 3261 811 3333 atque
824 3254 863 3314 ad
880 3254 1005 3315 verbum
1023 3253 1172 3335 exscripta
1186 3254 1216 3315 in
1234 3256 1294 3318 suis
1308 3258 1364 3318 sub

219 3351 344 3430 plumbo
361 3350 457 3430 pridie
474 3369 545 3413 non.
561 3351 737 3432 septembris
757 3371 835 3413 anno
859 3352 1077 3414 lncarnationis
1092 3352 1252 3415 Dominicae
1277 3367 1361 3416 1606.

219 3447 504 3529 desuper'expeditis
514 3449 618 3510 litteris
626 3495 634 3526 ,
642 3449 751 3528 quibus
762 3449 793 3510 in
806 3450 933 3512 decretis
946 3449 1158 3513 discretissime
1171 3451 1287 3530 legitur,
1300 3459 1363 3514 tam

161 3596 165 3603 .
220 3547 351 3608 internas
365 3547 520 3628 Sociorum
532 3548 696 3608 simultates
709 3565 744 3607 ac
762 3547 883 3624 turbaS,
898 3566 991 3627 quam
1004 3555 1176 3609 exterorum
1190 3548 1220 3607 in
1234 3549 1364 3611 Societa-

220 3651 281 3703 tem
301 3644 437 3723 qnerelas
456 3662 492 3704 ac
510 3643 726 3723 postulationes
738 3643 841 3704 Socios
862 3643 892 3704 in
912 3643 1040 3704 comitiis
1060 3655 1256 3723 congregatos
1266 3643 1363 3722 impu-

219 3744 287 3804 lisse
302 3745 340 3805 ad
354 3763 480 3824 sequens
491 3743 681 3805 condendum
695 3747 840 3803 statutum
853 3765 859 3801 :
871 3742 1019 3814 Quoniam
1030 3742 1162 3803 Societas
1171 3747 1285 3819 nostra,
1296 3759 1362 3820 quae

220 3840 258 3901 ad
278 3841 346 3903 fidei
368 3840 631 3921 propagationem,
644 3847 674 3901 et
691 3840 859 3901 animarum
873 3841 957 3900 lucra
974 3857 992 3899 a
1013 3837 1142 3899 Domino
1156 3837 1286 3899 excitata
1298 3842 1359 3914 est,

219 3939 295 3999 sicut
306 3958 359 4018 per
373 3938 494 4019 propria
506 3936 634 3998 Instituti
648 3935 827 4008 ministeria,
839 3953 906 4015 que
916 3933 1081 4015 spiritualia
1095 3951 1180 3994 arma
1192 3939 1277 4010 sunt,
1290 3951 1361 3994 cum

219 4034 356 4095 Ecclesia
381 4034 527 4108 utilitate,
554 4051 589 4093 ac
612 4032 818 4113 proximorum
840 4031 1035 4094 edificatione
1058 4032 1115 4094 sub
1134 4031 1232 4092 crucis
1254 4032 1361 4093 vexillo

219 4133 310 4193 tinem
323 4133 449 4194 feliciter
462 4131 603 4211 consequi
618 4136 734 4211 potest,
747 4118 837 4212 quem
848 4129 993 4207 intendit,
1007 4128 1090 4190 itaet
1102 4128 1166 4189 bac
1179 4128 1259 4189 bona
1269 4128 1361 4208 impe·

219 4230 310 4307 diret,
325 4237 401 4291 etse
417 4229 554 4290 maximis
568 4227 707 4308 periculis
725 4233 904 4307 exponeret,
921 4226 945 4287 si
958 4244 995 4288 ea
1014 4230 1174 4302 tractaret,
1187 4243 1252 4304 quae
1265 4242 1360 4284 sacu-

218 4326 291 4399 laria
311 4332 391 4403 sunt,
407 4333 437 4387 et
456 4325 493 4386 ad
514 4344 561 4384 res
574 4323 711 4404 politicas
729 4331 817 4403 atque
837 4323 873 4383 ad
896 4329 991 4384 status
1003 4321 1251 4401 gubernationem
1266 4320 1360 4400 perti-

217 4431 303 4500 nent3
316 4425 427 4485 idcirco
438 4423 652 4504 sapientissime
664 4443 682 4482 a
696 4421 803 4483 nostris
813 4420 977 4499 majoribus
988 4424 1134 4480 statutum
1147 4423 1211 4494 est,
1232 4423 1265 4478 ut
1278 4417 1358 4478 rnili-

217 4529 314 4582 tantcs
324 4524 385 4583 Deo
403 4521 466 4582 aliis
493 4539 557 4601 quac
573 4526 701 4581 anostra
713 4518 896 4599 professione
911 4517 1071 4577 abhorrent
1083 4533 1143 4590 non
1159 4514 1357 4595 implicemur.
