3188 5414
485 523 668 578 EPlSTOLAE
685 522 730 576 ET
750 523 884 577 nunvm
904 524 1139 592 succurrunt.
1350 530 1382 583 91

238 629 310 691 laris
324 644 396 708 erga
412 632 441 688 te
457 628 668 689 benevolentis
692 636 801 690 nostrae
816 628 1021 690 testimonium
1040 628 1093 690 tibi
1112 628 1184 690 dare
1197 646 1257 689 non
1275 648 1385 708 possu-

238 742 318 802 mus,
331 742 427 804 neque
441 723 538 803 magis
556 731 615 786 tuac
628 743 701 804 erga
714 725 787 801 Nos,
806 731 842 786 ad
857 731 993 785 sanctam
1015 723 1095 786 banc
1108 723 1216 785 Sedem
1227 723 1331 802 pietati
1348 743 1384 784 ac

238 820 320 883 tilioli
337 821 533 882 observantie
554 821 748 901 respondere.
772 823 817 882 Ac
837 821 979 899 inhujus
995 819 1110 882 eximie
1126 819 1260 882 caritatis
1277 818 1383 899 pignus

151 918 153 922 ’
237 916 434 1000 apostolicam
456 917 696 982 benedictionem
709 919 806 999 Regia
822 920 969 998 blajestati
982 923 1066 999 Tua,
1078 919 1227 1001 regiisque
1250 917 1382 999 sponsis,

237 1013 357 1093 tuisque
367 1014 470 1076 liberis
480 1015 619 1076 omnibus
631 1015 836 1077 amantissime
848 1016 1047 1097 impertimur.
1062 1019 1174 1080 Datum
1186 1018 1296 1090 Rome,
1312 1023 1381 1093 eie,

238 1113 289 1172 die
310 1124 327 1174 6
336 1115 425 1189 junii
442 1125 530 1190 1770,
543 1117 735 1192 pontificatus
746 1118 845 1175 nostri
855 1115 1082 1176 canosecuudo.

712 1234 895 1251 -n——t—,n-

715 1346 892 1417 LXXXlll.

644 1505 834 1547 vnnnnfflm
857 1505 968 1548 FRATRI

472 1610 754 1671 SIGISMUNDO
788 1609 1133 1708 cnutsTOPHORO

550 1735 799 1785 mcuurrsnoro
816 1734 1062 1785 snursnuncunsr

513 1840 773 1918 CLEMENS
807 1842 941 1919 PAPA
974 1841 1090 1916 XIV.

1037 1991 1130 2048 Romu,
1145 1997 1160 2038 6
1172 1988 1232 2051 iunii
1244 1993 1312 2040 1770.

278 2092 472 2167 Venerabilis,
496 2099 553 2153 otc.
574 2093 754 2172 Accepimus
769 2093 909 2154 volumen
928 2092 1130 2173 Epistularum
1144 2093 1251 2164 Bavari
1268 2094 1374 2171 cnjus-

228 2187 299 2249 dam
314 2186 352 2249 ad
366 2187 498 2250 amicum
515 2206 603 2250 suum
622 2188 702 2250 circa
715 2195 897 2271 potestatem
917 2188 1074 2264 Ecclesia,
1093 2195 1123 2250 et
1138 2187 1291 2251 Poutificis
1305 2208 1324 2251 a
1344 2198 1377 2254 tc

228 2283 320 2347 Nobis
341 2283 504 2364 diligenter
510 2285 720 2347 transmissum
734 2305 794 2348 una
811 2298 884 2348 cum
901 2285 1038 2364 ejusdem
1051 2304 1178 2349 censura
1192 2286 1281 2348 isthic
1295 2293 1376 2349 atua

226 2383 424 2445 Universitate
436 2382 528 2462 facta,
540 2383 572 2444 in
592 2403 653 2464 quo
668 2385 851 2466 pastoralem
867 2386 974 2462 zelum,
994 2383 1237 2461 sollicitudinem,
1255 2402 1291 2444 ao
1305 2383 1376 2462 vigi-

227 2479 354 2543 lantiam
373 2486 459 2542 tuam
469 2497 472 2501 ’
476 2480 658 2561 jampridem
680 2483 773 2544 Nobis
785 2489 985 2568 perspectam,
1002 2482 1098 2546 multo
1114 2489 1215 2546 tamen
1237 2482 1375 2546 luculen-

228 2578 304 2638 tiore
319 2595 401 2638 nunc
419 2576 530 2640 indicio
548 2576 735 2640 declaratum
746 2586 777 2641 et
799 2581 1003 2659 agnoscimus,
1017 2585 1048 2640 et
1059 2597 1115 2660 pro
1126 2579 1234 2640 merito
1245 2597 1375 2658 magno-

225 2686 296 2751 pere
311 2673 581 2737 commendamus:
603 2675 666 2737 Etsi
688 2695 765 2757 opus
789 2677 913 2739 minime
934 2677 990 2752 sit,
1017 2684 1119 2737 tamen
1142 2677 1181 2738 ad
1206 2683 1293 2738 tuum
1316 2677 1374 2740 hoo

224 2770 344 2832 tuende
357 2771 508 2850 religionis
519 2772 652 2834 studium
665 2780 800 2834 nostram
810 2776 872 2834 Nos
881 2793 937 2855 pro
951 2773 1108 2834 Pontificio
1122 2790 1249 2835 munere
1262 2773 1374 2837 cobur-

224 2867 372 2928 tati'onem
393 2866 614 2947 adjungendam
633 2869 789 2944 ducimm,
805 2878 1002 2952 auctoresque
1018 2868 1110 2929 etiam
1124 2867 1178 2930 tibi
1192 2885 1316 2944 sumus,
1341 2876 1374 2929 ut

224 2978 296 3023 oum
312 2962 424 3025 librum
442 2964 474 3024 in
497 2963 617 3026 dioecesi
637 2973 691 3026 tua
713 2965 816 3026 statim
836 2964 995 3044 prohibeas
1015 2981 1051 3024 ac
1064 2962 1253 3043 proscribas,
1271 2963 1374 3047 tuique

224 3058 314 3121 edicti
326 3059 485 3122 severitate
503 3080 520 3122 e
541 3060 675 3125 fidelium
697 3063 837 3124 manibus
855 3069 1045 3141 extorqueas,
1060 3061 1147 3138 cujus
1158 3059 1272 3122 scilicet
1285 3060 1373 3127 lectio

220 3154 424 3218 'certissimum
438 3157 551 3220 eisdem
567 3158 694 3221 allatura
716 3158 755 3221 sit
768 3160 1002 3234 detrimentum,
1017 3175 1089 3220 carm
1107 3157 1138 3218 in
1160 3157 1211 3219 illo
1232 3159 1373 3238 proposir

223 3251 319 3315 tiones
330 3252 428 3328 iblsae,
443 3255 609 3319 temerariae
618 3303 627 3336 ,
645 3257 846 3336 scandaloso,
871 3257 1036 3336 injuriose,
1050 3264 1081 3319 et
1097 3257 1249 3319 maledice
1267 3267 1373 3323 contra

219 3339 358 3418 ‘summos
371 3356 549 3437 pontifices,
564 3356 675 3437 impie,
698 3375 840 3435 erroneae,
860 3357 1009 3436 sacrilege
1029 3357 1205 3419 inducentes
1224 3357 1264 3421 ad
1282 3357 1373 3421 berc-

218 3444 290 3533 ¹sim,
306 3462 337 3517 et
350 3455 388 3516 ad
404 3455 554 3535 schisma,
570 3463 660 3537 atqua
679 3456 752 3517 alias
774 3457 812 3516 ab
831 3455 996 3536 apostolica
1018 3455 1088 3516 sede
1109 3455 1373 3520 dammtcconu-

144 3635 145 3638 Ἴ
218 3538 360 3617 'rreantun
379 3554 447 3614 Tua
468 3558 569 3616 tamen
582 3553 795 3617 tantummodo
813 3553 965 3614 ordinaria
977 3552 1121 3614 facultate
1135 3553 1166 3615 id
1186 3561 1248 3616 ate
1261 3554 1370 3617 lacien-

217 3645 295 3733 'dum
315 3667 378 3712 esse
395 3649 582 3729 judicamus,
615 3670 712 3732 neque
728 3655 839 3712 nomeu
857 3668 938 3712 nunc
958 3650 1107 3730 interponi
1125 3653 1263 3715 nostrum
1282 3652 1372 3717 votu-

216 3743 301 3823 'mns,
315 3760 354 3809 ne
369 3746 489 3828 pondus
501 3747 622 3832 aliquod
641 3749 677 3811 iis
696 3750 770 3811 dare
785 3748 953 3824 videamur,
970 3754 1037 3829 que
1056 3749 1207 3811 interdum
1228 3750 1369 3826 lanoso,

222 3855 292 3907 cnm
307 3835 443 3927 neglecta
458 3853 545 3925 sunt,
560 3847 660 3909 minus
683 3847 831 3909 sustinere
854 3865 887 3908 se
909 3853 1045 3928 possunt,
1064 3865 1100 3908 ac
1118 3846 1205 3909 facile
1225 3866 1313 3910 suam
1330 3835 1370 3911 cb

214 3941 372 4005 'levitatem
382 3943 540 4005 intereunt.
552 3945 676 4004 Nostras
687 3943 1205 4024 apostolicaeanctoritatispartesad
1216 3944 1368 4020 ulteriora,

222 4034 246 4096 si
258 4047 378 4101 necesse
390 4040 463 4116 erit,
476 4048 615 4120 tempora
628 4051 829 4119 reservantes,
845 4042 959 4102 interea
972 4041 1151 4104 confidimus
1165 4048 1281 4122 pestem
1291 4042 1369 4105 banc

222 4151 315 4214 opera
329 4153 364 4197 ac
377 4136 530 4217 diligentia
541 4145 593 4198 tua
607 4156 784 4219 oppressum
796 4139 831 4200 iri
843 4137 1079 4218 quamprimum,
1092 4138 1363 4219 atqueextinctum,

222 4228 311 4310 idque
320 4233 693 4313 tnapastoralis'indnstria
705 4254 740 4296 ac
752 4236 898 4317 snpientia
908 4235 1190 4315 Nobismagnopere
1198 4234 1365 4314 pollicetur,

212 4325 280 4425 ¹Sim
296 4317 479 4410 quicumque
492 4330 611 4394 iuturus
629 4332 667 4394 sit
686 4333 798 4410 exitus,
814 4351 905 4412 quem
925 4333 1176 4415 imperscrutabili
1191 4333 1367 4412 lleijudicio

211 4428 427 4510 relinquimus,
442 4436 530 4492 tuum
542 4431 601 4494 hoc
622 4431 766 4507 studium,
786 4451 820 4492 ac
835 4431 991 4495 consilium
1009 4439 1042 4494 ut
1055 4431 1168 4493 eximia
1178 4431 1266 4518 larido
1285 4435 1367 4514 apud

223 4544 326 4588 ornnes
349 4528 445 4590 bonos
467 4547 527 4591 non
547 4531 676 4607 carebit,
694 4530 736 4590 ita
750 4535 884 4590 nostram
903 4548 973 4609 erga
991 4537 1019 4591 te
1033 4528 1158 4590 mirifice
1171 4531 1366 4611 amplificabit
