3188 5414
254 501 307 549 roa
687 495 888 549 eterianus
908 494 970 547 xiv
1046 478 1050 484 ’

249 619 317 680 quae
339 619 357 660 a
379 607 409 661 te
426 600 518 662 Nobis
536 605 675 660 accurate
695 599 873 676 referuntur,
893 598 1072 678 perlibenter
1090 597 1312 659 intelleximus.
1336 598 1400 660 lllud

249 699 314 774 jam
327 696 380 758 tibi
393 695 489 776 magis
499 696 654 776 magisque
664 714 839 784 persuasum
850 697 1062 757 essevolumus
1072 694 1145 756 nihil
1156 701 1223 756 taur
1235 696 1334 756 Nebis
1344 707 1401 757 esse

250 792 345 869 cordi,
357 812 450 873 quam
458 792 678 855 Gallicanarum
691 793 908 854 Missionumin
918 794 1009 854 Indiis
1019 791 1223 857 Orientalibus
1233 792 1401 854 incremen-

251 897 328 965 tum,
338 887 580 968 undereligionis,
591 888 759 950 animarum
768 887 1170 968 salutis,acproindedivinae
1179 886 1286 967 glorire
1293 886 1400 951 tructus

249 987 358 1048 existat
371 986 550 1049 uberrimus.
564 988 724 1066 Propterea
742 1004 866 1066 operam
874 1003 1007 1062 omnem,
1020 991 1171 1065 quantum
1186 983 1218 1045 in
1235 985 1330 1046 Nobis
1342 993 1397 1060 est,

249 1101 368 1163 semper
388 1082 427 1144 ad
444 1082 578 1161 eiusdem
592 1083 740 1146 Missicnis
751 1082 898 1144 tuendam
911 1081 1216 1163 amplificandamque
1231 1100 1301 1143 rem
1310 1100 1398 1144 nava-

249 1179 360 1242 bimus.
380 1180 559 1243 Gum‘huno
582 1179 611 1241 in
627 1179 752 1242 modurn
771 1179 900 1240 breviter
922 1178 974 1239 tibi
997 1185 1135 1241 nostrum
1148 1178 1190 1239 de
1205 1178 1348 1240 universa
1368 1198 1397 1240 re

202 1343 209 1353 ,
250 1275 638 1353 animumdeclarassemus,
647 1276 684 1337 de
692 1275 815 1354 ceteris,
825 1295 891 1356 quae
901 1276 1087 1357 peculiariter
1096 1276 1156 1338 hue
1166 1283 1320 1357 spectant,
1330 1277 1396 1358 quid

251 1390 306 1432 nos
320 1373 497 1451 sentiamus,
510 1390 546 1433 ex
558 1373 666 1436 dilecto
680 1373 741 1434 iilic
755 1372 906 1453 Stephano
920 1372 1027 1452 Borgia
1038 1385 1148 1434 nostrae
1157 1374 1395 1454 congregationis

248 1469 285 1529 de
301 1468 498 1549 Propoganda
513 1469 585 1557 Fide
602 1470 762 1531 secretario
778 1469 933 1550 perspicue
952 1489 1126 1549 cognosces.
1146 1471 1192 1532 Ac
1213 1477 1250 1532 ut
1267 1471 1393 1550 singula·

248 1584 313 1628 rem
328 1566 382 1631 tibi
400 1565 639 1628 benevolentiam
653 1571 788 1627 nostram
809 1565 989 1628 luculentius
1005 1565 1241 1644 confirmemus,
1257 1566 1394 1629 divinam·

248 1683 307 1744 que
322 1683 412 1745 opem
428 1666 467 1727 ad
481 1672 544 1739 tam
565 1665 630 1746 pios
641 1665 849 1745 provehendos
862 1674 988 1727 cenatus
1002 1665 1100 1727 adbuc
1114 1665 1213 1745 magis
1223 1665 1390 1742 eliciamus,

249 1764 444 1842 apostolicam
458 1763 697 1827 benedictionem
708 1762 897 1824 Fraternitati
910 1765 981 1824 Tura
991 1770 1184 1844 peramanter
1195 1763 1389 1844 impertimur.

248 1863 362 1922 Datum
385 1864 495 1934 Romoe,
515 1871 587 1940 etc,
602 1863 651 1924 die
674 1872 710 1923 aa
722 1864 863 1939 januarii
886 1874 974 1939 1772,
986 1865 1182 1942 pontificatus
1197 1868 1298 1924 nestri
1320 1881 1390 1924 onan
1441 1864 1445 1877 '

246 1963 351 2019 tertio.
838 1965 840 1971 '

734 2171 891 2241 CLXXX.

447 2372 451 2379 ,
653 2329 848 2370 -vnnnuacrrr
872 2328 984 2371 narrar
1335 2390 1340 2397 ἰ

440 2436 654 2497 THEODOSIO
675 2436 934 2497 PATRIARCHAE
952 2436 1203 2499 ANTIOCHENO
1279 2478 1282 2482 -

555 2557 787 2636 CLEMENS
815 2560 942 2637 PAPA
970 2558 1077 2635 XlV.

1000 2711 1112 2769 namnet
1128 2709 1243 2761 februarii
1260 2715 1327 2763 1772.

288 2816 478 2886 Venerabilis,
493 2822 550 2878 etr.
562 2817 670 2877 Parem
680 2833 745 2876 esse
754 2815 953 2896 expectationi
966 2816 1004 2878 de
1014 2815 1106 2878 Nobis
1117 2821 1222 2879 vestra
1232 2824 1388 2898 paternum

213 2930 220 2975 s
242 2920 379 2976 nostrum
399 2914 534 2976 animum
558 2934 629 2995 erga
653 2913 776 2977 dilectos
800 2914 877 2976 tilios
900 2898 1001 2976 Sancti
1024 2914 1188 2977 Salvatoris
1207 2916 1395 2988 Monachos,

241 3029 317 3090 quos
327 3017 391 3072 tam
404 3011 490 3074 enixe
511 3012 721 3090 commendas,
742 3011 828 3075 facile
841 3011 895 3075 tibi
912 3012 1107 3094 persuadere,
1121 3013 1310 3080 Venerabilis
1322 3016 1399 3076 Fr&

242 3115 298 3185 ter,
316 3115 413 3188 potes,
426 3128 498 3171 cum
510 3129 571 3171 non
588 3109 682 3188 ignoti
701 3110 795 3172 Nobis
808 3128 914 3172 eorum
927 3109 1045 3171 labores
1058 3108 1136 3187 sint,
1156 3128 1233 3190 quos
1248 3127 1306 3190 pro
1317 3110 1391 3171 Fide

241 3203 392 3265 catholiea
405 3206 560 3286 praeteritis
582 3206 770 3286 temporibus
787 3208 995 3285 exandarunt,
1010 3213 1040 3268 et
1055 3207 1170 3270 fructus
1189 3207 1244 3284 illi,
1257 3225 1335 3287 quos
1347 3226 1389 3268 ex

242 3297 298 3359 ista
312 3299 399 3360 vinea
412 3301 530 3362 Domini
542 3320 597 3363 sua
609 3320 713 3381 opera,
734 3303 850 3381 studio,
866 3323 902 3365 ac
915 3305 1072 3367 sedulitate
1085 3305 1204 3368 exculta
1215 3303 1388 3369 uberrimos

240 3395 417 3458 retulerunt.
435 3396 635 3458 Vehementer
648 3395 749 3476 itaque
762 3403 793 3459 et
813 3416 920 3478 eorum
938 3400 1080 3480 angustiis
1101 3418 1339 3477 commovemur,
1354 3410 1389 3464 et

239 3492 312 3553 nibil
325 3499 466 3573 optamus
479 3493 574 3573 magis
593 3512 685 3574 quarn
698 3500 731 3554 ut
741 3487 905 3569 sublevare,
913 3497 1035 3559 eosdem
1049 3517 1107 3579 ope
1122 3496 1391 3580 nostrapraesidio·

238 3609 297 3669 que
316 3588 477 3671 possimus,
497 3596 527 3651 et
551 3609 658 3653 eorum
677 3590 773 3651 zelum
787 3609 842 3671 pro
856 3590 1026 3654 animarum
1045 3595 1160 3672 salute,
1179 3600 1211 3656 et
1228 3593 1390 3658 Catholicae

123 3684 126 3691 '
238 3684 387 3765 religionis
398 3685 598 3765 incrementis,
613 3686 668 3749 elsi
678 3706 732 3748 sua
746 3693 851 3767 sponte
864 3688 937 3751 satis
950 3688 1106 3751 incitatum
1120 3690 1217 3771 magis
1230 3691 1389 3774 magisque

238 3782 435 3844 inflammare.
457 3787 527 3846 Haec
545 3804 599 3848 nos
616 3784 777 3847 universim
794 3785 853 3847 tuis
875 3786 1067 3850 rescribimus
1081 3788 1183 3866 literis,
1201 3789 1390 3854 Venerabilis

238 3881 360 3958 Frater,
376 3886 477 3941 cetera
489 3900 578 3959 vero,
591 3900 658 3963 quae
670 3880 731 3942 huc
744 3881 904 3960 pertinent,
922 3901 1047 3964 queque
1059 3889 1163 3945 nostra
1175 3883 1215 3947 sit
1227 3885 1267 3946 de
1281 3903 1316 3947 re
1329 3885 1389 3948 sin-

236 3978 332 4056 gulari
343 3978 500 4056 sententia,
512 3998 549 4040 ex
560 3979 670 4041 dilecto
683 3977 746 4040 filio
757 3979 908 4059 Stephano
923 3980 1031 4060 Borgia
1045 3988 1153 4043 nostrae
1171 3983 1389 4064 congregatio-

236 4074 281 4137 nis
299 4077 337 4138 de
356 4075 554 4158 Propoganda
565 4076 637 4137 Fide
659 4073 836 4151 secretari0,
857 4074 909 4154 qui
926 4075 965 4137 ad
978 4083 1014 4137 te
1035 4076 1188 4157 diligenter
1202 4070 1387 4159 perscribet,

236 4172 389 4256 intelliges.
404 4178 449 4237 Ae
462 4174 493 4235 in
504 4178 635 4254 paternae
645 4180 762 4242 nostra¹
771 4171 889 4252 pietatis
900 4171 1008 4253 pignus
1026 4173 1226 4254 apostolieum
1239 4175 1389 4238 benedic-

236 4269 348 4333 tionem
364 4271 553 4336 Freternitati
569 4277 638 4350 tuae,
657 4273 781 4351 ejusque
795 4270 864 4331 fidei
878 4272 1041 4334 commisso
1055 4274 1167 4353 populo
1190 4282 1388 4354 peramanter

235 4367 432 4447 impertimur.
456 4377 566 4434 Datum
581 4373 698 4441 Reme,
711 4379 781 4449 etc,
797 4371 845 4430 dte
863 4375 964 4448 primo
976 4372 1134 4432 Februarii
1155 4381 1247 4448 1772,
1263 4376 1386 4450 pontiti·

235 4471 419 4527 coturnoatrt
431 4486 509 4528 anne
524 4470 621 4527 tertio.

713 4570 890 4582 ——n-——d-——n
