3188 5414
389 459 572 527 EPlSTOLAE
591 474 636 527 ur
654 473 788 527 sauvis
807 472 1041 527 sauncrronl.
1237 479 1289 528 roa
1374 429 1377 435 ⁴

141 585 294 644 nostrum.
306 578 473 658 losephum
479 577 728 656 Portngallimet
739 575 950 654 Algurbiorum
967 593 1068 654 regem
1082 575 1286 648 fidelissimum

146 675 290 741 ordinarii
298 675 408 738 'nuncii
415 674 575 740 novissime
583 674 628 737 -ad
640 675 702 736 Nos
715 673 855 738 daroma
874 671 1111 752 pulcherrimum
1124 671 1199 735 illud
1212 671 1285 763 luit,

144 775 292 855 nobisque
311 772 564 852 iucundissimum
583 777 811 852 argumentum,
830 770 906 833 dum
917 787 989 834 >non
1009 771 1111 846 solum
1128 771 1286 836 ,advenisse

141 876 207 952 jam
220 891 254 934 sc
264 871 369 934 isthuc
390 870 518 948 scribit,¹
528 869 585 935 sed·
601 876 632 932 et
647 887 718 933 eum
733 868 816 949 regui
836 868 913 933 fines
931 868 1147 947 ingrederetur,
1172 875 1204 944 et
1217 888 1286 931 cum

143 967 543 1051 principaminimt-mhcm,
559 973 590 1029 et
605 966 755 1048 precipue
771 983 842 1029 oum
861 965 904 1038 ad„
912 965 1100 1043 Maiestatem
1118 983 1205 1037 suam
1222 964 1282 1045 pri-

143 1065 402 1131 mumsibidsbis
412 1073 492 1129 esset
503 1066 618 1143 aditus,
629 1064 856 1146 perhonorincis
870 1064 958 1144 Regis
972 1081 1084 1144 crgusc
1098 1064 1287 1144 benignitatis

142 1184 180 1226 ac
202 1164 306 1245 gratio
327 1183 405 1244 erga.
419 1166 482 1226 Nos
504 1183 576 1225 rem
599 1183 636 1226 ao
652 1171 788 1227 sanctum
809 1163 888 1227 banc
903 1163 1011 1225 aedem
1028 1165 1151 1242 amoris,
1181 1166 1286 1244 studii,

141 1263 308 1344 pictatissc
324 1261 495 1324 ciliciorum
512 1262 649 1325 omniurn
661 1261 929 1342 significationibus
949 1263 991 1325 ita
1009 1271 1170 1344 exceptum
1194 1272 1286 1346 ntqua

142 1367 278 1422 amatum
289 1359 392 1437 fnisse,
401 1366 435 1421 ut
443 1359 481 1420 ad
493 1359 539 1421 sui
548 1359 704 1441 apostolici
713 1360 846 1423 muueris
856 1360 983 1439 gloriam
993 1379 1091 1441 neque
1102 1363 1286 1442 splendidius

142 1476 242 1540 neque
253 1457 436 1519 cumulatius
449 1457 615 1538 quidquam
632 1457 775 1520 accedere
789 1458 936 1538 potuerit
948 1460 992 1520 Ea
1005 1478 1038 1523 rc
1054 1463 1115 1523 Nos
1128 1461 1287 1526 incredibi-

142 1553 209 1626 liter
232 1553 321 1615 hntali
344 1571 469 1630 sumus,
488 1572 559 1617 cum
573 1553 665 1616 tantis
684 1561 807 1634 tamque
830 1554 989 1617 luculentis
1014 1557 1100 1637 regin
1124 1559 1286 1640 voluntatis

142 1652 362 1730 monumentis,
386 1659 450 1713 tam
471 1652 547 1713 bene
570 1652 751 1716 confirmari·
765 1660 904 1716 mutuam
928 1653 1005 1715 inter
1023 1655 1084 1716 Nos
1115 1656 1286 1721 animorum

141 1748 384 1827 conjunctionem
406 1748 582 1811 videremus.
610 1751 799 1814 Renovatum
815 1749 947 1830 ‘proinde
966 1759 1103 1816 nostrum
1124 1754 1182 1818 hoc
1208 1777 1285 1836 gau-

140 1844 242 1922 diam,
254 1844 406 1924 tantisque
426 1844 645 1909 accessionibus
666 1845 790 1907 mirifice
805 1846 1029 1917 auctum‚dnm
1050 1851 1160 1914 nostris
1182 1852 1286 1916 litteris

140 1939 291 2018 Maiestati
317 1941 384 2003 Suae
404 1938 595 2003 Fidelissima
623 1939 840 2023 significamus,
866 1939 952 2020 eique
986 1943 1222 2008 incidentissima
1249 1964 1286 2007 ac

140 2039 291 2116 maxima,
306 2058 372 2120 quac
384 2057 544 2119 possumus
553 2038 717 2118 gratiarum
729 2036 828 2098 officia
841 2055 878 2098 ex
892 2038 998 2100 intimo
1013 2039 1103 2103 animi
1119 2060 1208 2103 sensu
1219 2061 1286 2122 pen-

140 2136 297 2213 solvimus,
307 2136 407 2198 facere
418 2135 542 2198 nrinime
552 2153 726 2216 possumus,
737 2134 844 2197 dilecte
854 2135 895 2197 fili
909 2136 1017 2199 nobilis
1028 2137 1089 2216 vin
1098 2140 1170 2223 quin
1179 2141 1285 2205 eodem

34 2239 42 2252 “
141 2240 278 2313 tempore
290 2251 373 2295 exeo
386 2232 517 2313 plurima
527 2231 704 2312 egregiaque
717 2239 813 2312 parte,
827 2251 918 2312 quarn
931 2233 961 2295 in
973 2235 1205 2315 constringenda
1217 2256 1286 2299 are-

141 2328 201 2390 lius
214 2335 323 2390 mutua
334 2328 412 2390 inter
428 2347 484 2392 nos
503 2328 711 2395 benevolentia
728 2327 877 2404 habuisti,
901 2329 1094 2406 conjicientes
1116 2330 1189 2411 quid
1205 2349 1285 2392 nunc

140 2425 233 2486 eliam
246 2425 278 2487 in
289 2425 397 2488 eadem
405 2425 530 2506 ,publica
545 2445 580 2490 ao
595 2433 658 2487 tam
669 2426 811 2506 preclare
824 2426 1006 2493 declaranda
1016 2429 1284 2510 confirmandaque

141 2521 321 2600 prestiteris,
333 2521 506 2602 gratissima
520 2522 572 2584 tibi
585 2530 694 2585 nostro
707 2522 851 2603 omnique
862 2530 988 2603 paterna
1001 2524 1125 2588 caritate
1137 2546 1173 2587 ac
1188 2527 1285 2605 gratia

140 2619 384 2682 cumulatissimas
401 2620 564 2682 voluntatis
577 2620 772 2685 exhibeamus
788 2621 969 2685 testimonia.
986 2626 1056 2698 Qus
1070 2625 1192 2704 quidem
1214 2645 1284 2689 cum

140 2725 227 2781 tanta
243 2725 303 2780 tua
317 2721 470 2798 erga-Nos
489 2717 609 2798 pietatis
627 2736 663 2781 ac
681 2717 849 2781 devotionis
868 2719 979 2781 fidncia
999 2722 1231 2800 conjungimus,
1251 2731 1285 2784 ut

139 2833 203 2892 quo
216 2814 365 2894 precipue
379 2833 502 2875 suasore
516 2833 552 2873 ac
565 2813 729 2892 impulsore
743 2820 881 2875 nostrum
895 2815 969 2876 illud
985 2816 1129 2894 gaudium
1146 2825 1284 2881 exortum

140 2912 239 2992 primo
254 2930 320 2972 csse
332 2956 341 2986 ,
353 2930 389 2972 ac
398 2929 479 2972 nunc
488 2917 612 2971 auctum
626 2908 815 2986 agnoscimus
827 2953 835 2984 ‚
846 2912 1055 2982 constantibus
1066 2912 1201 2988 ejusdem
1214 2932 1285 2977 cou-
1326 2903 1328 2906 ’

72 3005 74 3009 ’
141 3006 213 3068 siliis
227 3007 335 3086 majori
348 3007 378 3068 in
392 3006 455 3068 dies
465 3006 657 3067 incremento·
665 3003 883 3083 amplificatum
892 3005 927 3065 iri
941 3024 1002 3067 non
1017 3005 1199 3071 dubitemus.
1218 3011 1285 3075 Hu-

138 3103 273 3180 jusmodi
285 3101 538 3183 amplissimorum
550 3119 621 3181 erga
631 3101 711 3176 Nos,
727 3119 762 3161 ac
775 3101 969 3180 apostolicam
979 3101 1058 3163 hanc
1072 3101 1179 3164 Sedena
1192 3104 1285 3167 meri-

139 3211 243 3268 torum
260 3211 381 3265 tuorum
394 3222 462 3264 eam
476 3219 594 3280 semper
606 3219 624 3260 a
635 3198 727 3260 Nobis
741 3199 844 3262 haberi
864 3198 1011 3261 rationem
1024 3218 1203 3280 cognosces,
1213 3221 1284 3282 qnae

142 3320 196 3380 par
211 3301 249 3363 sit
264 3301 387 3381 egregia
410 3297 611 3379 singularique
634 3303 742 3358 nostre
760 3296 790 3356 in
811 3304 841 3357 te
859 3303 990 3376 paterna
1005 3298 1237 3376 benevolentiae,
1255 3299 1285 3360 in

142 3400 228 3476 cujus
240 3399 348 3479 pignus
362 3397 557 3479 apostolicam
570 3393 817 3455 ‘benedictionem
831 3393 884 3455 tibi
898 3439 906 3467 ,
923 3394 1031 3456 dilecte
1044 3394 1085 3455 fili
1100 3395 1207 3457 nobilis
1229 3397 1283 3471 vir,

143 3503 333 3575 peramanter
357 3485 556 3575 impertimur,
583 3495 697 3560 Dolum
715 3493 829 3563 Romu,
846 3501 918 3562 etc,
937 3495 987 3552 die
1005 3505 1021 3553 a
1041 3499 1167 3570 auperti?
1191 3507 1283 3569 1770,

140 3599 333 3672 pontificatus
346 3598 442 3654 nostrl
455 3590 687 3658 nnnosccnndo.
752 3636 756 3643 ,
782 3637 784 3641 .

604 3693 800 3712 l—-n———a

666 3796 759 3864 XCV.

584 3945 723 3986 DILECTlS
745 3944 840 3984 FlLllS

150 4062 154 4072 ·
278 4019 516 4104 'caninum
538 4042 586 4101 ur
609 4028 812 4102 canonicis
835 4038 1100 4106 cnrnnnnaurs
1201 4011 1202 4015 '

542 4157 700 4208 scctsslffi
716 4149 896 4205 KIOVIENSlS
990 4151 992 4156 ’
1263 4152 1267 4160 ’

447 4253 680 4339 CLEMENS
706 4245 835 4330 PAPA
863 4248 971 4328 XIV.
1066 4307 1068 4310 -
1125 4300 1127 4304 .

875 4385 968 4440 limnas,
987 4388 1011 4431 lt
1026 4380 1127 4451 augusti
1138 4385 1206 4433 1770,
1276 4446 1280 4453 ¹

179 4483 309 4553 Dilrotr',
331 4489 388 4543 rto.
405 4483 590 4563 iampridem
616 4485 723 4546 isthinc
748 4485 877 4565 prrvirn'
890 4481 1054 4543 abductum
1076 4479 1284 4568 venerabilem
