3188 5414
327 503 362 554 22
756 496 962 552 chunanus
978 496 1043 551 xlv
1066 503 1069 511 '
1087 512 1090 521 ·

327 605 482 664 Sidensem
505 602 543 663 ad
560 602 730 663 nobilitates
751 608 864 663 rostras
887 601 1053 673 mittimus,
1076 609 1110 662 ul
1131 601 1212 682 apud
1226 602 1360 664 inclitam
1383 605 1475 667 istam

326 700 544 781 rempublicam
556 699 649 761 nostri
666 706 696 760 et
711 699 882 779 apostolieae
894 697 973 759 sedis
984 698 1125 760 ordinarii
1141 700 1236 761 nuntii
1249 701 1338 762 obeat
1350 720 1472 764 munus.

325 799 432 861 Virum
446 799 666 880 spectatissimo
681 815 806 877 genere,
821 805 852 860 et
865 798 946 878 ipsa,
959 816 1053 879 qnam
1064 796 1157 877 gerit,
1168 817 1297 880 persona
1315 818 1475 862 common-

325 896 442 976 datum,
450 905 593 979 praetetna
604 897 716 978 pietme
723 915 903 978 morumque
911 897 1098 978 integritate,
1106 917 1267 979 rerumque
1273 899 1473 980 gerendarum

324 996 484 1075 prudentia
493 996 652 1077 praeditum
663 1015 725 1059 non
737 1004 782 1059 est
792 1015 846 1059 cur
858 997 992 1078 longiore
1003 1015 1144 1061 sermone
1150 999 1257 1062 vestris
1266 997 1474 1058 nobilitatibus

325 1096 582 1157 commendemus.
600 1098 667 1175 lpse
678 1095 759 1160 enim
771 1096 932 1158 virtutibus
944 1094 1159 1158 suiseximiam
1171 1094 1392 1156 humanitatem
1404 1113 1474 1156 ves-

324 1191 403 1253 tram
415 1193 501 1255 facile
513 1193 570 1255 sibi
584 1193 749 1272 devinciet,
760 1192 919 1275 vestraque
928 1213 999 1275 erga
1012 1193 1074 1256 Nos
1085 1193 1193 1275 pietas,
1206 1211 1242 1254 ao
1258 1193 1472 1270 vetustissimo,

323 1308 384 1368 qua
398 1289 429 1351 in
445 1288 595 1352 catholiea
608 1290 735 1352 eeclesia
747 1290 812 1369 jam
831 1291 1009 1352 inclaruistis
1021 1308 1091 1371 erga
1107 1279 1187 1352 bane
1199 1307 1315 1352 sauram
1336 1292 1371 1351 B.
1393 1292 1473 1352 Petri

324 1387 425 1449 sedem
441 1386 631 1449 observantia
644 1393 753 1467 sponte
766 1406 821 1450 sua
831 1387 946 1449 bomini
961 1387 1067 1449 laverit
1087 1387 1118 1448 in
1135 1387 1171 1448 iis
1184 1388 1350 1468 presertim
1365 1388 1471 1465 rebus,

323 1502 390 1564 quae
402 1485 440 1545 ad
454 1483 505 1545 Dei
523 1483 672 1545 bonorem
684 1490 715 1546 at
724 1485 851 1564 gloriam
865 1484 1094 1564 animarumque
1108 1485 1237 1546 salutern
1251 1484 1384 1547 maxima
1400 1502 1474 1566 per-

323 1582 430 1642 tinent.
444 1581 489 1641 llli
500 1584 717 1661 eutem,·quam
725 1580 818 1642 Nobis
829 1581 901 1661 ipsis
910 1597 1015 1643 eoram
1026 1581 1190 1660 haberetis,
1200 1583 1334 1662 petimus
1344 1600 1362 1643 a
1374 1584 1473 1660 vobis,

323 1678 423 1740 dilecti
439 1678 491 1739 lilii
499 1724 508 1756 ,
523 1678 640 1741 nobiles
657 1677 730 1757 riri,
743 1679 882 1741 eamdem
893 1686 927 1741 ut
939 1680 1030 1741 fidem
1047 1678 1231 1759 adhibeatis,
1246 1681 1393 1763 vobisque
1404 1701 1475 1743 om-

323 1775 423 1853 nibus,
441 1781 473 1837 et
484 1775 628 1838 universae
640 1781 746 1839 vestine
756 1775 930 1859 reipublioea
938 1822 947 1855 ,
964 1795 1058 1859 quam
1072 1778 1102 1840 ln
1115 1785 1246 1858 paternae
1259 1780 1394 1843 caritatis
1405 1799 1475 1842 nos-

323 1881 377 1936 trae
385 1875 517 1954 gerims
525 1874 606 1954 sinu,
614 1876 812 1959 apostolicam
818 1877 1059 1939 benedictionem
1067 1884 1260 1958 peramanter
1269 1880 1473 1959 impertimur.

324 1975 437 2036 Dotem
450 1974 560 2046 Rome,
578 1982 647 2046 eto„
664 1985 701 2037 20
715 1979 837 2054 augusti
852 1985 942 2051 1769,
952 1978 1144 2054 pontificatus
1155 1981 1251 2038 nostri
1268 1996 1350 2039 nuno
1361 1981 1472 2057 primo.

807 2106 988 2118 ...ιι-ιο,

751 2189 753 2193 ’
838 2200 959 2270 XXVI.
1054 2189 1056 2193 ¹

524 2347 527 2353 ’
635 2370 637 2379 ·
671 2358 817 2402 lanosum
839 2359 878 2402 ac
900 2358 1127 2403 rornnmssruo

503 2464 774 2539 '³HERACL10,
801 2466 1008 2527 PRINCIPI
1033 2465 1261 2534 GE'ORGIAE‚

626 2589 868 2671 ‚CLEMENS
896 2580 1024 2678 PAPA
1052 2587 1162 2676 xlv..

1056 2743 1148 2800 Bonan,
1161 2745 1192 2789 2³
1202 2738 1296 2801 augusti
1314 2743 1380 2789 tint.

363 2848 501 2909 lituum
521 2858 558 2909 ue
574 2853 782 2926 potentissime
790 2855 933 2929 princeps
946 2853 1078 2911 saltuem
1098 2850 1245 2908 etlumen
1267 2847 1382 2908 diotae
1400 2866 1479 2926 pro-

279 2943 282 2948 “
324 2947 391 3020 ltu,
402 2951 459 3006 eta.
478 2945 661 3026 Magrropere
680 2944 774 3010 Nobis
787 2954 910 3027 gratum
927 2944 1037 3008 aeeidit
1047 2944 1079 3006 in
1098 2943 1158 3008 boe
1168 2943 1264 3007 nostri
1280 2943 1476 3025 pontificatus

302 3043 447 3104 exordio
460 3051 568 3107 neotus
586 3045 649 3106 Nos
668 3061 732 3106 asse
752 3023 1012 3126 opportunitatem
1028 3042 1204 3105 celsitudini
1226 3050 1286 3104 tuae
1306 3042 1475 3120 scribendi,

323 3139 410 3215 eujus
431 3142 567 3218 generosi
587 3156 624 3202 ao
643 3141 814 3220 maestantis
833 3139 928 3199 animi
945 3137 1052 3199 laudes
1073 3139 1254 3199 Nostrorum
1274 3138 1409 3200 virorum
1428 3141 1478 3201 lit-

323 3235 411 3312 teris,
425 3252 460 3297 ee
471 3237 642 3315 ipsaetiam
654 3237 737 3296 lama
755 3241 786 3295 et
795 3250 918 3295 rumore
930 3230 1050 3293 asenna
1069 3231 1107 3293 ad
1125 3233 1187 3294 Nos
1199 3231 1402 3312 pariemntur.
1414 3238 1477 3297 Pri-

301 3400 307 3411 ,
323 3348 409 3394 mum
423 3332 514 3413 igitur
524 3334 579 3394 tibi
591 3330 731 3394 maxlmae
748 3336 821 3391 sunt
831 3348 850 3391 a
861 3330 971 3408 Nobis,
983 3336 1066 3392 utex
1082 3329 1184 3391 animo
1195 3323 1336 3409 iacimus,
1352 3334 1478 3412 gandae

323 3431 532 3512 gratiae,·quod
542 3431 682 3492 homines
691 3428 743 3509 qui
755 3428 786 3489 in
796 3427 1070 3491 eademnobisoum
1081 3427 1152 3489 ndei
1162 3427 1376 3506 coniunctione
1387 3440 1469 3511 sunt,

322 3531 476 3611 Nobisqne
489 3546 492 3553 ·
506 3517 685 3610 obsequium
708 3546 744 3589 ao
764 3527 969 3592 obedientiam
989 3531 1152 3610 prestant,
1181 3533 1242 3588 tua
1266 3526 1474 3609 benignitatis,

319 3629 409 3712 quod
416 3628 585 3711 plurimum
599 3624 840 3705 commurdaris,
858 3627 956 3707 gutia
967 3627 1056 3706 jures
1071 3630 1271 3706 aoprolegas.
1290 3626 1404 3690 Deinde
1416 3629 1476 3691 boe

324 3732 390 3813 ipsa
408 3738 462 3792 tua
486 3728 578 3791 anintl
603 3726 761 3789 nobilitate
773 3725 844 3790 freti
861 3727 990 3790 fidenter
1011 3731 1080 3788 ale
1103 3724 1260 3805 petime,
1276 3730 1365 3804 teque
1383 3726 1476 3789 etiam
1539 3813 1541 3816 .

325 3832 414 3912 atque
427 3829 520 3892 etiam
531 3845 685 3907 rogamus,
700 3832 735 3890 ut
743 3872 752 3905 ,
767 3826 862 3907 quiin
875 3832 930 3887 tua
944 3824 1076 3887 dictione
1090 3830 1160 3885 sunt
1173 3822 1332 3899 eatboliei,
1347 3841 1382 3883 ao
1394 3842 1476 3904 prae-

325 3929 431 3992 sertim
444 3926 605 4009 oappueini
631 3931 750 4007 patres,
774 3923 826 4005 qui
847 3923 949 3989 istun
958 3918 1109 4003 religionis
1130 3939 1202 4002 erga
1224 3927 1399 3994 versantur,
1423 3929 1476 3985 tuo

325 4025 463 4107 praesidio
477 4026 678 4105 inposterum
693 4024 731 4088 ab
746 4021 969 4107 aduersantium
982 4018 1207 4108 oppugnatione
1222 4023 1340 4098 tegere,
1354 4024 1474 4083 actuari

325 4145 381 4204 pro
392 4125 436 4188 tui
450 4124 542 4196 animi
553 4109 852 4207 magnitudinevelis.
868 4107 913 4182 lln
928 4110 1132 4209 quidemffihss
1146 4114 1288 4179 adversus
1302 4120 1475 4201 quempiam

326 4224 491 4289 moliuntur
506 4214 745 4302 mali','ilrtutein
756 4223 876 4298 colunt,
892 4208 945 4282 Dei
956 4208 1107 4301 praeopta
1117 4210 1276 4295 legemque
1296 4226 1476 4296 promovent

325 4321 449 4383 caritate
463 4323 493 4385 in
505 4341 611 4386 omnes
630 4319 810 4399 afficiantur,
830 4316 962 4402 publicae
970 4314 1042 4399 pani
1054 4332 1091 4378 aa
1112 4313 1321 4395 tranquillitati
1334 4314 1474 4393 student,

324 4418 400 4480 nibil
411 4425 514 4483 tamen
526 4422 627 4485 minus
651 4420 841 4483 inimieorum
855 4421 901 4482 vel
917 4419 945 4481 vi
964 4418 1010 4479 vel
1022 4415 1127 4478 fraudo
1145 4432 1224 4494 saepe
1238 4413 1337 4475 solum
1361 4417 1475 4474 vertero

326 4524 395 4582 sunt
406 4519 522 4598 coaeti,
535 4539 638 4602 neque·
647 4537 782 4600 unquam
795 4520 903 4603 reverti
918 4519 1017 4589 istbuo
1033 4514 1210 4597 potuissent,
1226 4512 1283 4577 nisi
1296 4510 1475 4580 tuaebuma-
