3188 5414
500 449 680 525 EPlSTOLAE
697 453 743 506 ΕΤ
761 453 892 507 Buuvtl
911 450 1142 511 sutucrtunl.
1339 464 1389 515 257

235 595 240 626 χ
251 553 402 634 Adquam
416 551 545 633 quidem¹
560 554 799 618 labefactandam
820 577 890 620 cum
911 558 1012 639 plures
1027 559 1079 622 via
1099 560 1287 642 rationesque
1304 571 1385 636 sunt,

251 658 316 713 tum
332 651 457 736 fortasse
470 668 506 712 ex
521 653 626 714 ceteris
645 654 882 735 periculosiores,
894 675 960 736 qua
974 657 1027 717 etsi
1042 675 1101 718 non
1116 657 1275 720 manifesta
1292 660 1321 720 vi
1335 679 1381 720 su-

249 746 311 808 bito
321 746 540 827 aggrediantur,
550 755 653 812 tamen
666 752 812 832 paulatim
822 752 882 814 suis
892 752 974 815 illam
985 753 1183 833 prasidiis,ac
1197 755 1388 837 munimentis

202 914 205 918 Α
232 897 234 901 ,
249 867 319 918 cum
334 848 494 928 expoliant,
509 848 622 926 injuria
636 870 671 911 ac
682 850 860 912 detrimento
877 852 1052 933 ,accipiendo
1066 853 1228 915 obnoxiam
1241 852 1384 915 efficiunt.

248 942 279 1018 Si
292 949 373 1007 enlm
386 945 523 1006 Ecclesia
533 946 603 1025 jura
618 947 728 1008 sensim
742 947 912 1028 infringant,
926 949 950 1009 si
969 949 1185 1012 ecclesiasticos
1199 949 1277 1012 viros
1300 951 1386 1012 bonis

245 1062 282 1104 ac
294 1045 495 1132 prerogativis
513 1046 577 1108 ‘suis
590 1054 711 1125 exuant,
726 1067 832 1128 resque
846 1047 945 1109 divino
958 1048 1053 1120 ,cultui
1067 1055 1267 1127 consecratas
1286 1068 1322 1112 ac
1334 1068 1386 1112 sa-

248 1145 416 1207 cerdotum'
429 1145 606 1207 sustinenda
625 1146 759 1226 dignitati
780 1146 913 1208 addictas
933 1146 1091 1208 detrahant
1099 1171 1108 1224 3
1124 1146 1283 1209 debilitatis
1296 1167 1386 1209 sanc-

246 1241 334 1302 tuarii
349 1241 501 1319 ministris,
513 1249 544 1303 et
557 1242 697 1304 facultate
706 1242 802 1323 gregis
816 1242 861 1303 sui
876 1241 1040 1322 opitulandi
1050 1242 1183 1322 privatis,
1198 1260 1319 1304 necesse
1329 1243 1385 1303 erit

243 1340 341 1421 ipsam
367 1341 514 1420 religionis
541 1342 728 1403 sanctitatem
750 1340 932 1422 pedetentim
956 1339 1106 1417 imminui,
1132 1346 1162 1401 et
1181 1341 1384 1402 sanctuarium

191 1496 193 1510 ζ
242 1439 365 1502 demum
379 1460 508 1502 vacuum
526 1461 560 1502 ac
580 1441 733 1503 desertum
750 1439 887 1520 relinqui.
900 1441 1086 1519 Quapropter
1098 1436 1247 1516 religionis
1266 1456 1301 1498 ac
1315 1437 1383 1499 fidei

191 1518 194 1544 ³
239 1539 398 1620 integritati
412 1541 584 1622 praclarum
603 1558 727 1622 operam
747 1545 776 1600 te
787 1542 1028 1614 navaturum,et
1047 1534 1178 1595 divinam
1193 1535 1382 1597 clementiam

240 1636 366 1698 mirifice
380 1637 434 1698 tibi
451 1637 680 1700 conciliaturum
695 1635 879 1711 existimato,
901 1653 972 1695 cum
994 1631 1166 1711 hujusmodi
1186 1631 1380 1710 detrimenta,

239 1739 386 1812 quantum
399 1734 430 1795 iu
442 1740 472 1795 te
488 1734 555 1812 erit,
566 1735 604 1796 ab
615 1734 747 1796 Ecclesia
760 1733 942 1795 removenda
951 1730 1111 1809 curaveris,
1125 1750 1231 1811 resque
1244 1733 1382 1813 aprade

231 1850 395 1893 vcessurum
409 1840 529 1895 tuorum
541 1833 761 1909 munificentia,
779 1852 815 1894 ac
825 1831 932 1894 inclita
941 1832 1070 1894 nationis
1081 1835 1138 1893 tua
1149 1832 1260 1913 pietate
1274 1834 1381 1898 domus

239 1927 357 1990 Domini
381 1929 481 1991 decori
506 1930 716 2011 amplificando
740 1931 915 2008 attributas,
939 1930 1083 2010 integras,
1105 1939 1193 2012 atque
1215 1929 1380 1996 incolumes

238 2021 373 2098 prasidio
383 2029 435 2086 tuo
447 2026 617 2088 servaveris.
627 2028 887 2106 Supervacaneum
899 2025 1021 2087 omniuo
1035 2025 1184 2104 ducimus,
1197 2045 1380 2091 commemo-

238 2135 340 2180 remus
355 2120 535 2199 arctissima,
551 2122 661 2204 quibus
674 2141 758 2204 reges
778 2121 910 2184 adstricti
931 2129 1000 2184 sunt
1010 2122 1209 2190 defendenda
1223 2126 1377 2204 Ecclesia,

235 2213 359 2294 ejusque
377 2218 488 2297 legum,
496 2219 609 2297 J'urium
631 2220 812 2281 tuendorum
823 2219 933 2296 officia,
948 2219 1141 2298 jurisjurandi
1159 2219 1334 2300 religionem
1346 2223 1378 2285 in
1424 2276 1426 2283 .

236 2314 302 2393 ipsa
321 2317 404 2396 regni
419 2317 647 2399 inauguratione
666 2321 826 2399 propteiea
844 2322 1030 2397 susceptam,
1051 2335 1177 2397 quaque
1198 2319 1377 2398 apraclaris

234 2412 315 2475 hisce
328 2416 472 2497 exemplis
489 2417 528 2503 ad
547 2418 650 2499 populi
668 2416 866 2477 imitationem
887 2414 1028 2476 utilitates
1046 2413 1194 2492 derivent3
1215 2415 1278 2477 bac
1295 2415 1376 2478 enim

236 2510 339 2572 omnia
359 2511 472 2574 intimis
494 2513 567 2594 regii
590 2513 632 2574 tui
653 2512 745 2574 animi
759 2511 892 2574 sensibus
908 2509 1001 2572 infixa
1023 2509 1141 2590 penitus
1164 2529 1230 2572 esse
1250 2511 1372 2574 scimus.

235 2608 312 2671 lllud
324 2611 535 2674 tantummodo
553 2612 739 2692 adjiciemus,
754 2617 785 2671 te
806 2610 865 2671 hoc
877 2608 1016 2670 Ecclesia
1035 2606 1188 2670 declarato
1206 2609 1375 2688 patrocinio

232 2701 435 2768 incredibilem
457 2725 591 2768 amorem
615 2714 705 2788 atque
727 2704 978 2768 existimationem
1000 2704 1143 2766 universa
1166 2710 1224 2766 tua
1244 2705 1373 2767 nationis

235 2799 287 2859 tibi
298 2800 509 2879 adJuncturum
526 2828 533 2864 ι
549 2804 818 2866 ecclesiasticorum
837 2806 938 2864 autem
961 2800 1094 2863 virorum
1113 2800 1274 2881 singularia
1292 2802 1322 2863 iu
1341 2810 1371 2864 te

232 2894 330 2956 studia
346 2895 537 2979 assiduasque
552 2899 590 2961 ad
613 2903 708 2962 Deum
720 2918 826 2980 preces
846 2898 1008 2976 extituras‚
1032 2904 1065 2958 ut
1088 2897 1141 2958 tibi
1163 2897 1255 2959 divini
1273 2900 1371 2960 cultus

230 3000 320 3073 atque
331 2996 468 3059 Ecclesia
483 2998 607 3080 ejusque
618 2998 821 3060 ministrorum
839 3003 996 3078 tantopere
1009 2995 1142 3059 studioso
1162 2995 1193 3057 in
1210 2996 1268 3058 hac
1279 2998 1370 3059 etiam

233 3091 294 3154 vita
306 3093 489 3173 amplissima
503 3094 626 3158 honoris
639 3115 675 3158 ac
687 3096 787 3176 gloria
801 3096 922 3177 premia
933 3094 1056 3173 tribuat,
1071 3101 1162 3175 utque
1171 3093 1203 3155 iu
1213 3095 1369 3174 Majestate
1464 3175 1465 3179 Ἰ
1505 3065 1507 3072 V

227 3191 1366 3276 Tuaratamacfirmampalamfaciatcalestemillamsuam'pollioitationem,

226 3304 370 3367 quaeum
384 3289 479 3370 quise
495 3289 746 3368 honorificaverit,
764 3313 796 3356 se
813 3295 885 3356 item
900 3295 1135 3375 glorificaturum
1146 3294 1300 3374 professusv
1310 3305 1364 3357 est.

226 3387 352 3447 llernum
367 3387 457 3449 finem
470 3388 655 3452 cohortandi
668 3389 711 3451 tui
723 3389 883 3468 faciemus,
895 3396 984 3470 teque
995 3390 1033 3451 ad
1048 3392 1143 3451 Deum
1154 3408 1189 3450 ac
1202 3391 1367 3453 Ecclesiam

225 3483 330 3544 ceteris
344 3484 433 3544 rebus
449 3482 588 3548 omnibus
604 3485 830 3548 anteferendam
846 3487 927 3548 beati
939 3487 1084 3548 Goelestini
1100 3489 1124 3548 I.
1141 3487 1366 3550 Pradecessoris

224 3583 317 3644 nostri
331 3583 368 3644 ad
383 3581 549 3662 piissimum
560 3587 775 3665 tmperatorem
794 3583 995 3645 Theodosium
1013 3583 1110 3646 verbis
1127 3584 1327 3665 impellamus,
1341 3587 1364 3647 si

224 3678 345 3760 quidem
359 3679 454 3760 inquit
471 3681 623 3761 «amplius
634 3700 774 3762 propace
785 3681 979 3743 ecclesiarum
996 3681 1153 3743 clementia
1170 3688 1268 3743 vestra
1277 3682 1366 3746 debet

224 3796 289 3840 esse
301 3775 438 3852 sollicita,
453 3795 607 3858 quampro
620 3780 756 3842 omnium
768 3777 926 3840 securitate
938 3785 1105 3855 terrarum;
1118 3798 1173 3859 pro
1189 3786 1289 3842 vestro
1303 3779 1363 3841 im-

222 3875 307 3957 perio
325 3874 438 3954 geritur
451 3874 594 3956 quidquid
607 3895 663 3956 pro
680 3877 780 3957 quiete
794 3875 931 3937 Ecclesia
950 3882 980 3947 et
995 3896 1019 3938 s.
1036 3876 1185 3956 religionis
1198 3880 1363 3942 reverentia

221 3962 383 4034 laboratur.
397 3972 887 4052 »Pareminmodanajestatem
899 3977 1361 4060 TuamNosalloquimurtibique
1467 4022 1470 4030 ·

219 4068 508 4151 divinicultusatque
517 4070 793 4135 Ecclesiaratioues
803 4072 1059 4137 commendamus.
1069 4078 1146 4138 Dum
1154 4077 1360 4139 enimeasdem

220 4161 324 4224 studiis
339 4164 398 4226 tuis
420 4165 581 4246 complere,
600 4166 669 4228 tuis>
680 4168 782 4250 tuique
804 4170 887 4250 regni
907 4171 1072 4233 commodis
1094 4178 1122 4232 te
1137 4171 1243 4234 eximie
1256 4175 1360 4254 provi-

218 4276 323 4320 surum
345 4260 561 4335 existimamus.
576 4263 672 4344 Habe,
686 4265 838 4328 carissime
849 4268 880 4329 in
897 4253 1012 4351 Christo
1034 4269 1075 4330 fili
1096 4274 1207 4346 noster,
1227 4268 1290 4332 hac
1309 4270 1358 4333 in—

217 4352 295 4416 dicia
316 4356 471 4438 singularis
493 4366 601 4424 nostra
614 4361 652 4424 de
665 4364 827 4435 ‚excolenti
842 4370 895 4426 tua
914 4365 1024 4446 pietate
1042 4363 1168 4444 fiducia,
1183 4372 1214 4429 et
1233 4359 1357 4431 summa

216 4452 374 4530 pontificia
384 4454 415 4516 in
423 4462 453 4518 te
465 4462 554 4538 atque
566 4459 734 4523 universam
746 4461 868 4539 Regiam
880 4464 1008 4528 Domum
1019 4464 1240 4527 tuamcaritatis
1251 4472 1355 4528 catera

1217 4577 1248 4626 17
