3188 5414
353 495 408 543 aro
714 510 717 514 ·
785 447 988 544 cunu'nums
1006 488 1072 542 xiv

270 630 271 636 κ
357 593 559 656 airnautissimo
569 593 768 673 impertimur.
782 594 896 654 Datum
910 597 943 653 in
955 593 1032 653 Arce
1043 591 1219 670 (landulphi
1230 591 1415 652 libanensis
1432 588 1510 651 Diu·

357 697 442 765 cesis,
454 693 507 752 sab
519 694 826 762 AnnuloPiscutoris,
835 691 885 751 die
899 701 935 750 75
947 690 1121 768 septembris
1135 698 1189 750 777
1194 700 1223 764 3,
1231 691 1431 768 pontificatus
1441 705 1511 748 ποε-

354 791 402 849 tra·
417 807 496 849 abac
509 793 624 866 quinto.
1449 802 1452 815 ·

851 911 1005 923 ..ι-

822 1041 1025 1115 CCXXXIX.

614 1207 778 1251 cnulssfflo
799 1211 833 1251 IN
855 1211 990 1253 CERISTO
1012 1210 1101 1252 ululo
1124 1209 1243 1252 NOSTRO

508 1329 674 1388 JOSEPHO
694 1328 979 1389 PORTUGALLIAE
998 1328 1048 1388 ΕΤ
1068 1323 1353 1387 ALGARBIORUM

784 1462 859 1510 Rbul
875 1409 1073 1510 ulunblsstnto

661 1573 899 1692 ¹curulibus
927 1577 1060 1652 rura·
1082 1572 1188 1652 xm

1083 1745 1183 1802 Romae,
1196 1749 1210 1790 2
1223 1741 1361 1792 decembris
1375 1743 1448 1794 7773.
1466 1789 1468 1794 .

396 1849 576 1917 Curisstme,
591 1856 646 1909 etc.
661 1846 710 1907 Ad
723 1846 847 1926 Regiam
859 1849 1050 1927 Maiestatem
1062 1851 1160 1911 Tuam
1176 1847 1327 1909 mittimus
1337 1847 1506 1910 Venerabi-

353 1944 563 2005 lem·Fratrem
574 1942 793 2004 Bemardinum
812 1944 1072 2027 archiepiscopum
1088 1947 1279 2021 Petrensem,
1291 1943 1344 2023 qui
1366 1944 1464 2005 nostri
1478 1953 1506 2005 et

353 2040 531 2122 apostolieae
551 2039 634 2101 Sedis
651 2039 793 2101 ordinarii
807 2041 909 2103 Nuntii
928 2042 1008 2123 apud
1023 2049 1052 2103 te
1065 2060 1176 2104 munus
1194 2049 1339 2123 peragat,
1361 2049 1456 2123 atque
1467 2042 1507 2104 ita

260 2131 266 2161 ³
353 2144 494 2218 peragat,
507 2142 540 2197 ut
552 2136 732 2216 singularem
744 2135 882 2201 nostrum
895 2159 966 2221 erga
978 2148 1008 2202 te
1022 2159 1157 2204 amorem
1169 2139 1223 2202 tibi
1235 2139 1267 2201 iu
1285 2139 1352 2201 dies
1365 2140 1507 2203 testatio-

352 2255 433 2313 nem,
448 2242 478 2295 et
504 2243 641 2295 mutuam
655 2234 733 2294 inter
744 2235 805 2295 Nos
821 2236 1063 2314 conjunctionem
1077 2234 1204 2298 assiduis
1223 2234 1331 2296 officiis
1345 2254 1383 2296 ac
1403 2237 1507 2298 studiis
1557 2286 1560 2292 r

353 2330 592 2392 constrictiorem
603 2347 639 2390 ac
651 2328 975 2393 devinctioremlaoiat.
996 2334 1084 2393 illum
1100 2338 1134 2393 ut
1145 2331 1183 2394 ad
1199 2338 1230 2392 te
1249 2331 1432 2411 adeuntem,
1449 2353 1506 2414 qua

353 2428 446 2502 soles,
458 2423 531 2504 regii
545 2423 637 2486 animi
648 2424 835 2488 humanitate
848 2433 879 2488 et
891 2428 1073 2509 benignitate
1090 2427 1239 2509 excipias,
1258 2427 1347 2507 eique
1362 2430 1458 2492 rebus
1477 2431 1506 2492 in

353 2525 494 2587 omnibus
507 2523 598 2585 fidem
613 2523 742 2602 habeas,
760 2525 883 2605 perinde
904 2545 940 2588 ac
953 2528 978 2588 si
995 2534 1098 2589 tecum
1108 2532 1270 2609 presentes
1281 2527 1345 2588 Nos
1358 2525 1420 2608 ipsi
1436 2547 1507 2608 age-

354 2639 471 2698 remus,
489 2619 678 2696 altlajestate
696 2621 763 2681 Tua
780 2621 928 2699 maiorem
947 2621 979 2682 in
997 2621 1124 2683 modum
1142 2618 1283 2702 petimus.
1305 2620 1384 2680 Cum
1405 2630 1507 2683 nostra

353 2738 446 2780 eausa
456 2722 486 2779 te
499 2713 530 2777 id
547 2716 742 2779 libentissime
753 2736 809 2798 pro
825 2725 878 2780 tua
894 2719 926 2780 in
944 2721 1006 2780 Nos
1018 2719 1131 2801 pietate
1142 2718 1295 2781 facturum
1306 2718 1505 2799 confidimus,

353 2824 419 2877 tum
440 2813 603 2896 plurimum
623 2813 715 2876 etiam
729 2814 871 2877 daturum
890 2835 951 2878 non
972 2817 1145 2879 dubitamus
1167 2818 1379 2908 prestantibus
1398 2821 1506 2902 egregii

237 2935 244 2951 ·
352 2913 406 2974 viri
418 2910 547 2988 meritis,
562 2909 614 2990 qui
626 2909 665 2970 ad
678 2902 795 2991 generis
809 2912 979 2975 claritatem
991 2913 1114 2976 eximias
1127 2913 1222 2975 animi
1238 2913 1340 2993 dotes,
1352 2915 1507 2997 religionis

352 3012 498 3088 studium,
510 3008 727 3088 integritatem,
738 3009 943 3091 prudentiam,
954 3010 1047 3073 iidem
1060 3010 1205 3091 adjungit.
1220 3011 1288 3074 Huc
1299 3011 1421 3074 accedit
1429 3014 1507 3092 ejus·

352 3113 422 3173 dem
431 3129 503 3189 erga
511 3109 700 3188 Maiestatem
709 3111 807 3171 Tuam
819 3108 946 3170 mirifica
958 3108 1160 3181 observantia,
1174 3115 1265 3190 atque
1274 3110 1387 3188 cultus,
1399 3129 1507 3189 quam-

352 3209 457 3267 obrem
472 3206 526 3267 tibi
541 3207 632 3266 etiam
645 3205 786 3267 eumdem
805 3206 1135 3269 commendatissimum
1150 3213 1239 3288 atque
1260 3207 1506 3289 acceptissimum

287 3301 289 3309 ’
352 3309 415 3369 lore
427 3307 619 3367 arbitramur.
629 3307 743 3366 Verum
754 3322 949 3384 quecumque
959 3304 1033 3385 regii
1041 3304 1201 3385 patrocinii
1217 3323 1252 3366 ac
1271 3303 1380 3371 luroris
1391 3304 1507 3368 iudicia

353 3405 449 3466 abste
469 3402 511 3462 illi
529 3401 639 3463 luerint
652 3399 804 3482 praestita,
822 3399 928 3463 eadem
943 3400 1036 3462 Nobis
1048 3400 1217 3481 gratissima
1235 3400 1339 3464 lutura
1356 3407 1507 3485 tanquam

353 3501 395 3564 tui
412 3501 442 3563 in
457 3502 517 3562 Nos
533 3499 644 3560 amoris
654 3504 829 3579 argumenta
839 3500 901 3560 Nos
911 3504 1103 3580 reputaturus
1115 3499 1305 3580 profitemur.
1322 3502 1360 3561 Et
1371 3507 1508 3582 paternae

262 3618 266 3624 ·
351 3605 459 3659 nostre
473 3613 598 3658 summe
611 3613 682 3674 arga
702 3601 733 3656 te
753 3594 886 3657 caritatis
906 3595 1014 3676 pignus
1039 3613 1075 3656 ac
1093 3596 1261 3658 ooelestium
1283 3596 1508 3665 beneficiorum

352 3694 505 3775 auspicem
527 3693 723 3773 apostolicam
740 3691 981 3754 benedictionem
999 3691 1071 3770 tibi,
1092 3693 1246 3755 carissime
1264 3692 1293 3754 in
1320 3693 1442 3756 Christo
1463 3694 1507 3757 lili

350 3799 464 3868 noster,
485 3792 614 3869 Tumque
627 3789 726 3870 Regia
737 3790 869 3852 Familia
882 3790 989 3852 intimo
1000 3791 1100 3858 cordis
1117 3792 1216 3854 nostri
1230 3791 1343 3854 affectu
1355 3793 1509 3857 amantis-

350 3887 424 3948 sime
437 3885 636 3966 impertimur.
649 3889 762 3950 Datum
773 3889 874 3949 Romu
887 3889 968 3967 apud
981 3890 1126 3949 Sanctum
1137 3892 1268 3951 Marium
1279 3892 1440 3968 majorevo,
1453 3893 1509 3953 sao

351 3987 471 4046 Anuatu
483 3988 665 4055 Piscatores,
681 3986 729 4047 die
749 3997 765 4046 ²
789 3984 952 4046 decembris
977 3997 1069 4061 7773,
1088 3990 1283 4068 pontificatus
1303 3993 1406 4055 austes·
1425 4007 1509 4050 uano

350 4087 464 4161 quinto.

828 4240 1010 4259 -Ἀ
