3188 5414
477 513 656 567 EPISTOLAE
675 515 718 567 ΕΓ
736 515 868 569 Bauv‘m
889 515 1123 570 sahucvlourt.
1337 522 1373 571 93

166 615 184 657 ·’
224 621 393 694 hortamur,
410 635 449 678 ne
462 617 493 677 in
516 636 671 680 sacrarum
685 620 786 698 legum
804 620 830 681 vi
847 620 1021 681 estimanda
1036 639 1072 683 ac
1090 621 1201 682 tuenda
1215 623 1373 695 multole-

224 717 304 794 nior,
321 735 357 778 ac
375 714 528 778 remissior
541 733 622 794 esse,
645 735 737 798 quam
756 736 804 779 res
823 719 888 799 ipsa
902 738 938 782 ac
951 721 1128 802 Episcopale
1147 720 1282 783 officium
1303 742 1320 784 a
1344 730 1374 785 te

225 817 368 898 postulet,
377 815 507 877 videare.
521 817 632 878 Praeter
641 816 722 878 enim
731 816 953 879 Catholicorum
964 805 1153 893 ostensiones,
1161 818 1270 880 vitabis
1281 820 1373 881 etiam

227 912 490 978 heterodoxorum
503 916 554 997 qui
569 934 622 978 vos
638 916 770 996 undique
784 915 1006 978 circumsistunt
1019 923 1109 997 atque
1124 918 1299 994 observant,
1320 916 1374 996 ju-

226 1013 321 1089 dicia3
336 1013 360 1075 si
372 1014 453 1075 enim
465 1033 519 1074 vos
532 1013 574 1074 illi
585 1012 713 1075 viderint
731 1013 871 1076 humanis
882 1032 917 1075 ac
928 1014 1086 1076 levissimis
1096 1034 1219 1094 prorsus
1228 1034 1264 1077 ex
1274 1016 1373 1076 causis

224 1109 390 1172 novitatem
403 1110 481 1172 hanc
495 1111 526 1172 in
539 1109 653 1185 veteres
663 1111 783 1191 pietatis
795 1129 830 1172 ac
841 1111 992 1191 religionis
1003 1131 1075 1173 usus
1088 1112 1239 1190 inducere,
1250 1113 1371 1174 eosdem

226 1227 243 1268 a
256 1207 350 1268 Vobis
363 1207 490 1287 negligi,
508 1214 538 1269 et
552 1208 704 1269 contemni
717 1207 804 1269 facile
814 1208 1098 1288 interpretabuntur.
1116 1211 1160 1271 Ac
1170 1210 1200 1270 in
1209 1210 1372 1271 Pontificio

225 1304 359 1366 caritatis
372 1305 484 1385 ‘pignus
497 1306 702 1386 'Apostolicam
715 1304 960 1367 Benedictiouem
973 1307 1041 1384 ubi,
1057 1307 1244 1368 Venerabilis
1255 1309 1371 1384 Frater,

224 1406 415 1479 peramanter
429 1401 630 1482 impertimur.
650 1404 759 1463 Datum
771 1403 887 1474 Romoe,
901 1411 970 1480 etc,
984 1406 1031 1463 (Ile
1046 1415 1082 1463 20
1090 1406 1177 1481 jonii
1195 1417 1284 1479 1770,
1299 1423 1372 1482 poo-

226 1502 358 1576 trstcutus
371 1503 469 1560 nostri
482 1518 561 1559 oeno
572 1500 713 1559 secundo.

703 1622 881 1631 m

718 1730 875 1800 LXXXV.

536 1906 540 1913 ·
639 1887 830 1928 reuertamur
852 1886 962 1926 FRATRI

388 1969 949 2053 rnsrmolancmamscoro
977 1955 1208 2064 neviana,

565 2108 602 2154 ΙΝ
620 2108 768 2155 lNSUIals
785 2107 1031 2165 PlllblPl’lle,
1061 2117 1062 2121 ’

516 2212 752 2292 CLEMENS
798 2215 927 2290 ΡΑΡΑ
966 2213 1072 2288 XlV.

1007 2356 1105 2414 Roma,
1120 2360 1145 2401 21
1157 2355 1218 2420 junii
1236 2360 1304 2424 1720.

191 2467 192 2470 ’
267 2462 466 2532 Venerabilis,
481 2462 539 2523 et'c.
555 2463 720 2525 Proiecturi
736 2462 834 2523 isthuc
854 2459 1031 2540 propediem
1046 2467 1117 2520 sunt
1130 2460 1231 2523 dilecti
1243 2463 1295 2524 tilii
1312 2455 1377 2527 Sass

135 2596 141 2619 Ι
222 2559 329 2621 cardos
347 2559 485 2622 Nicolaus
501 2560 659 2622 Simonetti
677 2579 714 2623 ex
735 2561 900 2642 aggregatis
916 2560 1102 2642 Neapolitani
1119 2561 1370 2625 Sinensium'col-

224 2654 303 2734 legii,
316 2662 346 2716 et
357 2655 497 2717 Nicotaus
506 2656 626 2718 Timoni
637 2657 771 2735 ejusdem
780 2658 895 2736 collegii
908 2657 1055 2719 Alumnus
1067 2676 1161 2737 nuper
1172 2659 1210 2720 ad
1220 2660 1369 2721 Sacerdo-

223 2756 256 2817 tii
267 2754 407 2818 ordinem
417 2762 600 2834 assumptus,
612 2774 742 2834 quorum
750 2774 842 2834 opera
856 2756 899 2816 uti
909 2756 972 2815 vult
983 2757 1093 2816 Nostra
1101 2755 1165 2817 haec
1174 2758 1368 2836 Congregatio

223 2852 261 2913 de
273 2851 471 2930 Propaganda
483 2851 555 2911 Fide
565 2851 596 2911 in
604 2869 642 2911 eo
651 2850 793 2928 collegio,
805 2851 892 2927 cujus
900 2848 1006 2910 eadem
1017 2868 1073 2931 pro
1087 2851 1203 2912 Sinensi
1211 2853 1369 2928 iuventute
1412 2923 1416 2936 .

224 2947 311 3009 isthic
333 2945 533 3009 constituendi
548 2945 707 3007 consilium
718 2945 835 3023 J'amdiu
856 2945 1003 3024 suscepit,
1019 2965 1054 3007 ac
1067 2965 1147 3006 nunc
1165 2954 1369 3026 opportunum

224 3042 409 3123 maximead
421 3040 640 3124 perficiendum
653 3058 718 3102 esse
733 3049 852 3120 tempus
864 3039 1026 3101 existimat.
1041 3040 1206 3103 Plurimum
1225 3043 1287 3105 Nos
1298 3045 1370 3123 qui-

223 3143 294 3204 dem
306 3141 407 3222 cupidi
417 3140 553 3220 eJ'usdem
567 3157 671 3215 sumus
681 3157 801 3221 ,neque
814 3137 941 3200 dubium
955 3138 1047 3199 Nobis
1058 3144 1120 3215 est,
1133 3139 1206 3218 quin
1218 3140 1368 3204 carissimi

222 3244 251 3303 in
265 3240 383 3302 Christo
400 3240 453 3301 filii
465 3239 561 3301 nostri
579 3239 676 3300 Caroli
693 3237 906 3318 Hispaniarum
919 3237 1007 3318 Regis
1023 3237 1167 3327 Catholici
1181 3258 1237 3321 pro
1251 3246 1369 3321 egregia

221 3338 314 3419 ipsius
324 3338 436 3419 pietate
451 3356 487 3399 ao
497 3336 639 3418 religione
653 3336 1049 3409 luculentissimustantam,
1061 3343 1184 3417 tamque
1194 3340 1368 3418 preclaram

175 3452 179 3458 ’
222 3436 443 3500 Institutionem
454 3437 578 3516 juvandi
591 3456 626 3499 ac
637 3436 819 3518 provehendi
839 3453 1002 3498 consensus
1021 3441 1110 3514 attae
1127 3430 1217 3498 ardor
1231 3440 1365 3501 accedat.

220 3538 264 3596 Te
280 3534 390 3612 etiam,
404 3535 590 3599 Venerabilis
602 3537 717 3612 Frater,
734 3536 829 3596 multo
844 3535 954 3596 ineam
972 3552 1039 3595 rem
1052 3535 1152 3596 studio
1163 3537 1365 3616 propendere,

221 3640 255 3694 ut
266 3632 395 3694 relatum
403 3631 501 3694 vNobis
519 3639 578 3710 est,
596 3651 777 3714 magnopere
790 3634 965 3712 gaudemus.
984 3633 1112 3696 Proinde
1127 3653 1179 3695 eos
1193 3635 1368 3698 Sacerdotes

222 3732 296 3793 dum
310 3730 482 3813 apostolica
500 3731 710 3794 benedictione
724 3731 909 3794 discedentes
923 3751 940 3794 a
954 3732 1048 3794 Nobis
1071 3732 1291 3812 prosequimur,
1312 3733 1366 3795 tibi

221 3829 369 3907 maj0rem
389 3828 429 3890 in'
443 3827 569 3890 modum
582 3829 849 3907 commendamus,
865 3849 883 3891 a
902 3837 997 3910 teque.
1013 3831 1205 3892 vehementer·
1219 3831 1368 3911 petimus,

220 3933 254 3986 ut
266 3925 389 3989 eosdem
403 3932 434 3987 et
447 3924 639 3988 advenientes
648 3927 872 4007 perhumaniter
887 3927 1032 4008 excipias,
1045 3933 1075 3988 et
1087 3927 1165 3990 illius
1176 3927 1292 4006 collegii
1303 3930 1367 3990 rem

220 4031 361 4086 curantes
375 4031 428 4087 tua
447 4042 567 4105 semper
587 4024 744 4103 patrocinii
760 4025 857 4104 gratia
872 4023 931 4085 frui
954 4023 1047 4101 velis,
1069 4023 1152 4103 qood
1172 4030 1203 4085 et
1221 4023 1315 4087 Nobis
1327 4032 1367 4086 et
1445 4043 1446 4046 ¹

220 4120 292 4182 huic
306 4127 414 4184 nostra
426 4120 656 4202 congregationi
672 4122 736 4184 lore
755 4142 772 4184 a
786 4130 815 4184 te
828 4120 1033 4202 gratissimum
1045 4121 1234 4202 profitemur,
1250 4122 1366 4184 Cumu-
1423 4189 1425 4192 ,

219 4220 309 4281 latius
325 4238 396 4284 vero
406 4227 492 4284 tuam
504 4221 537 4301 in
551 4222 613 4281 Nos
627 4219 848 4281 observantiam
869 4217 1130 4298 comprobaveris,
1143 4218 1167 4279 si
1186 4224 1278 4298 prout
1288 4237 1365 4300 opus

218 4317 308 4379 isthic
326 4317 398 4394 erit,
416 4335 506 4399 opem
528 4323 619 4399 atque
632 4336 758 4400 operam
775 4323 859 4378 trram
877 4317 1003 4397 collegio
1023 4317 1070 4379 isti
1091 4324 1232 4398 prestare
1243 4337 1365 4399 semper

218 4422 342 4494 paratus
354 4414 411 4493 sis,
426 4432 517 4495 quem
530 4414 695 4495 presertim
710 4415 845 4477 animum
858 4420 945 4476 tuum
963 4434 1000 4476 eo
1018 4434 1099 4478 nuuc
1117 4417 1253 4480 maximo
1262 4418 1364 4480 officio

217 4512 370 4577 declarare
383 4515 511 4596 poteria,
527 4513 758 4579 si-contenderis
772 4512 920 4574 industria
941 4519 1031 4592 atque
1045 4513 1223 4576 auctoritate
1240 4522 1293 4578 tua
1302 4560 1311 4594 ,
1331 4523 1364 4587 ut
