3188 5414
474 492 655 548 crissoto:
676 496 719 548 ET
739 495 868 550 tinniit
887 496 1120 552 subactione.
1318 505 1365 555 iot

720 661 872 731 CLXVll.

634 803 820 851 veneramur
841 809 954 852 rutrum

440 903 630 965 ARMANDO
646 906 837 968 EPISGOPO
856 899 1155 970 SILVANECTENSI

534 1018 770 1100 OEEMENS
796 1022 927 1099 PAPA
955 1017 1061 1097 XIV.

942 1161 1037 1221 noma,
1048 1165 1078 1210 no
1090 1159 1228 1210 novembris
1240 1164 1307 1212 177ยน.

266 1246 472 1322 Venerabilis,
487 1253 543 1309 etc.
558 1247 767 1312 Libentissime
783 1248 955 1331 accepimus
972 1246 1181 1310 transmissam
1198 1265 1216 1309 a
1234 1254 1265 1309 te
1277 1248 1371 1310 Nobis
1469 1331 1473 1336 ,

221 1345 392 1408 orationem
403 1350 498 1420 tuam,
511 1363 603 1426 quam
614 1344 644 1407 in
656 1345 794 1426 religiosa
806 1345 904 1427 Regia
915 1345 1045 1425 Virginis
1058 1343 1241 1427 professione
1252 1344 1370 1423 dixisti,

220 1465 311 1524 oum,
324 1445 406 1527 quod
420 1444 671 1525 jucundissimum
686 1443 779 1508 Nebis
801 1449 863 1521 est,
882 1442 1024 1525 omnique
1039 1442 1186 1504 virtutum
1203 1440 1292 1504 laude
1311 1462 1371 1506 cu-

217 1543 457 1609 mulatissimum
481 1550 691 1623 argumentum
715 1543 734 1606 t
755 1550 801 1621 te,
824 1540 1011 1605 Venerabilis
1036 1541 1152 1618 Frater,
1180 1538 1310 1622 plurima
1332 1541 1372 1605 sit

219 1639 401 1722 eteqrreutia
413 1640 453 1718 vi,
468 1659 505 1702 ae
518 1632 660 1703 doctrina
680 1639 769 1723 copia
784 1645 1015 1723 pertractatum.
1033 1640 1137 1723 ltaque
1153 1646 1184 1702 et
1202 1639 1371 1722 gaudemus

216 1737 327 1801 debita
347 1738 562 1801 excellentibus
581 1737 659 1799 illius
677 1736 791 1800 meritis
810 1743 989 1800 ornamenta
1005 1735 1125 1819 publice
1144 1755 1205 1800 non
1224 1736 1369 1811 defuisse,

220 1843 255 1898 et
275 1835 330 1898 tibi
345 1835 376 1898 id
398 1835 620 1913 exornandum,
633 1853 694 1917 quo
714 1834 847 1896 maxime
865 1833 1077 1915 triumpharet,
1097 1834 1194 1897 oratio
1208 1836 1374 1898 tuaccnti-

219 1935 304 2016 gissa
315 1936 509 2016 gratulamur.
521 1937 609 1996 Hune
622 1940 760 1996 nostrum
772 1931 921 1997 Pontificii
939 1930 1031 1993 animi
1052 1950 1172 1994 sensum
1186 1932 1274 1995 facile
1288 1933 1371 1995 msti-

221 2051 310 2096 mare
320 2039 406 2116 potes
417 2052 454 2096 ex
468 2052 515 2110 ea,
529 2051 623 2115 quarn
636 2031 763 2093 intanta
776 2030 952 2092 celebritate
964 2030 1076 2091 habere
1094 2030 1257 2110 voluimus,
1269 2039 1368 2113 parte,

219 2138 577 2222 cumperVenerabilem
586 2138 723 2199 Fratrem
736 2135 958 2198 Bernmdinnm
967 2136 1235 2219 Archiepiscopum
1246 2140 1371 2199 Damas-

219 2255 334 2300 cenum
346 2235 495 2299 Nuntium
516 2242 653 2297 nocuum
671 2234 752 2296 vices
767 2239 887 2296 nostras
906 2240 1046 2314 agentem
1066 2235 1128 2297 Nos
1141 2233 1197 2315 ipsi
1217 2234 1371 2315 quodam-

206 2333 315 2396 -modo
323 2351 425 2396 eoram
436 2332 466 2393 in
476 2350 585 2394 manus
594 2331 913 2393 nostraseasolemnia
922 2337 993 2395 vota
1006 2331 1186 2412 excipientes
1198 2331 1368 2394 adtentum

220 2430 388 2498 sanctitatis
413 2448 449 2494 ao
474 2429 625 2513 religionis
651 2429 841 2513 splendorem
867 2428 1038 2510 apostolica
1058 2429 1211 2510 dignitatis
1233 2431 1370 2496 auctori-

219 2537 316 2593 tatem
331 2529 569 2597 contulissemus.
584 2531 678 2605 Quem
691 2530 716 2592 si
729 2530 878 2610 attigisses
892 2528 929 2590 de
949 2522 1043 2603 Nobis
1061 2529 1176 2607 locum,
1193 2537 1304 2612 tuaque
1318 2530 1368 2593 di-

218 2626 309 2691 cendi
330 2628 476 2710 gravitate
492 2629 594 2709 palam
611 2626 733 2690 fecisses
754 2645 906 2690 summam
925 2633 1062 2692 nostram
1080 2635 1169 2709 atque
1188 2628 1367 2690 immensam

220 2724 306 2789 illam
319 2743 391 2806 erga
405 2725 588 2786 borbonium
604 2722 787 2804 desponsam
804 2725 923 2785 Christo
941 2723 1089 2805 virginem
1101 2743 1174 2788 cum
1193 2725 1259 2805 peri
1278 2733 1367 2786 tantm

219 2820 338 2885 m'rtutis
351 2820 548 2884 admiratione
559 2820 753 2898 conjunctam
766 2821 936 2898 caritatem,
949 2819 980 2882 id
991 2818 1117 2901 quidem
1127 2825 1254 2900 paterno
1264 2821 1367 2881 auium

219 2925 325 2982 nostro
331 2917 437 2981 tuisset
449 2915 663 2996 gratissimum.
674 2914 802 2977 Proinde
812 2916 843 2977 id
854 2933 872 2978 a
883 2915 977 2978 Nobis
985 2914 1147 2978 desiderari
1159 2915 1190 2976 in
1203 2917 1368 2980 turlanda-

219 3012 315 3093 tione,
326 3011 512 3077 Venerabilis
523 3012 639 3089 Frater,
654 3030 739 3093 mqrro
755 3012 856 3074 animo
876 3011 956 3074 ferre
976 3011 1079 3090 debes,
1090 3029 1161 3073 cum
1178 3030 1216 3073 ex
1229 3011 1288 3073 boc
1301 3013 1367 3093 ipsc

218 3113 368 3195 inteiligas
385 3117 532 3194 quantam
553 3110 720 3173 habeamus
739 3111 888 3174 rationem
904 3117 937 3172 et
952 3109 1031 3172 illius
1044 3117 1148 3172 nosue
1168 3109 1227 3171 hoc
1239 3111 1367 3172 Pontifi-

217 3219 292 3275 catu
313 3208 541 3293 splendidissimi
565 3207 637 3271 iacti
654 3215 686 3271 et
704 3207 862 3271 uberrima
880 3206 953 3268 illue
972 3213 1119 3287 congesta
1134 3206 1311 3287 cloquerrtim
1331 3226 1367 3269 ac

217 3306 364 3373 doctrina
383 3309 595 3370 sacellanum
610 3311 733 3388 protus
748 3305 779 3367 in
798 3307 860 3368 Nos
875 3323 913 3369 cc
929 3307 1073 3368 Smctam
1087 3304 1166 3367 banc
1179 3305 1287 3368 Sedem
1304 3307 1367 3368 ob-

191 3456 199 3463 .
218 3405 371 3468 servantia
390 3403 551 3486 plurimam
561 3402 628 3482 tibi,
642 3403 828 3466 Venerabilis
843 3407 959 3484 Frater,
980 3403 1170 3466 Pontificiam
1183 3404 1366 3467 semelen-

219 3501 298 3562 tiam
310 3498 484 3576 deferentes,
495 3498 692 3580 apostolicam
704 3497 946 3561 benedictionem
964 3498 1157 3561 Fraternitati
1168 3505 1238 3577 tua,
1249 3507 1366 3582 tuque

219 3597 291 3661 lidei
307 3596 467 3659 commisso
480 3596 592 3678 populo
603 3601 794 3677 peramanter
815 3595 1016 3676 impertimur.
1037 3598 1150 3661 maa
1164 3598 1279 3670 Roma,
1291 3607 1364 3675 stc,

219 3698 272 3759 dic
289 3707 327 3758 20
339 3695 504 3757 novembris
515 3704 585 3754 itit
593 3739 604 3769 ,
619 3695 814 3772 pontificatus
827 3697 1013 3756 metricam
1027 3699 1117 3756 tertia

705 3908 872 3980 CLXVIII.

676 4059 809 4104 ursncro
828 4059 913 4103 rimo

457 4157 618 4218 ioanni
642 4157 840 4218 sossius
869 4155 925 4216 AB
954 4152 1132 4217 HAVERN

511 4270 749 4350 CLEMENS
788 4272 917 4348 PAPA
958 4269 1063 4346 XIV.

928 4407 1022 4466 Romae,
1035 4408 1065 4455 to
1080 4403 1217 4454 novembris
1233 4409 1300 4456 mm.

261 4495 386 4568 Dilecta,
401 4501 456 4556 etc.
468 4493 646 4574 Accepimus
657 4493 860 4574 gratissimum
871 4491 965 4555 Nobis
981 4510 1090 4554 munus
1105 4499 1202 4571 tuum,
1215 4493 1362 4554 Tabulam
