3188 5414
424 462 426 468 ⁸
475 510 658 566 mrsronar
676 508 721 564 nr
740 510 874 566 naevia
890 509 1124 568 secernens
1302 474 1375 575 »rea

225 613 319 676 Nobis
340 612 470 674 reddidit
491 613 618 684 dilectus
634 611 712 676 silius
731 620 833 677 noster
855 615 1033 678 Franciscus
1054 615 1229 679 Joachimus
1242 620 1273 680 S.
1287 621 1324 682 n.
1338 623 1373 683 E.

224 711 384 792 Presbyter
396 710 560 772 Cardinalis
571 709 609 772 de
620 711 736 774 Bernis.
746 711 796 774 Ab
803 712 855 775 illo
866 713 1053 776 luculentum
1064 733 1135 776 sane
1147 714 1275 778 habebis
1286 719 1373 780 testi-

224 807 373 884 monium,
395 826 455 888 quo
473 808 505 869 id
516 808 722 890 exceperimus
739 809 852 885 animo,
865 828 986 891 quoque
1005 809 1115 891 gaudio
1131 807 1277 874 fuerimus
1290 814 1373 892 elati,

222 903 419 981 dilectissima
433 904 463 965 in
481 904 597 967 Christo
618 904 681 967 lilia
696 911 817 982 nostra,
833 923 904 967 cum
922 912 952 967 te
973 906 1088 988 ipsam,
1109 907 1196 987 cuius
1214 916 1374 992 presentes

221 1019 343 1082 semper
353 1001 534 1078 gerebamus
546 1001 714 1084 intimaque
725 1009 827 1066 mente
845 1003 1099 1068 eumrdatissimas
1111 1005 1194 1069 omni
1205 1003 1295 1069 laude
1309 1005 1372 1068 vir-

215 1106 321 1179 tutes,
339 1101 565 1182 quodammodo
583 1120 688 1164 coram
702 1101 899 1179 intueremur,
915 1120 950 1163 ac
968 1101 1064 1164 oculis
1084 1101 1302 1182 subjiceremus
1320 1121 1372 1165 ex-

159 1207 161 1212 ·
220 1217 341 1279 pressos
363 1199 425 1261 suis
444 1198 595 1261 coloribus
617 1199 718 1261 vultus
737 1213 840 1261 veram
858 1197 994 1280 pictatis,
1016 1198 1185 1279 religionis,
1207 1197 1375 1264 sanctitatis

220 1295 352 1357 sormam
365 1295 540 1368 reserentes.
556 1295 619 1357 Etsi
642 1295 787 1372 eundem,
806 1295 1065 1377 quemadmodum
1079 1295 1120 1358 illi
1140 1315 1261 1361 summo
1273 1297 1373 1360 studio

220 1394 444 1471 mandavimus,
458 1395 549 1457 etiam
563 1400 682 1457 nostras
696 1393 727 1455 in
749 1392 903 1457 reddenda
919 1393 1017 1474 gratia
1030 1399 1132 1474 partes
1148 1391 1304 1474 diligenter
1319 1412 1373 1456 ac·
1390 1405 1392 1412 ’

220 1501 325 1555 turum
342 1511 403 1555 non
423 1491 612 1572 dubitemus,
634 1490 737 1555 deesse
753 1497 855 1554 tamen
868 1487 962 1554 Nobis
976 1490 1031 1572 ipsi
1046 1504 1282 1571 non-possumus
1299 1490 1374 1572 quir.
1407 1482 1409 1486 ⁴

219 1588 405 1670 gratissimos
419 1590 474 1652 tibi
487 1591 582 1653 nostri
599 1589 690 1653 animi
705 1607 811 1652 sensus
824 1587 872 1651 his
887 1586 981 1651 literis
997 1587 1051 1652 tibi
1066 1587 1272 1667 declaremus,
1288 1594 1321 1652 nt
1336 1593 1373 1652 e'x

218 1685 280 1749 hoc
291 1686 356 1768 ipso
371 1687 486 1765 cilicio,
499 1695 614 1769 quanto
628 1687 709 1771 apud
725 1686 941 1750 nostrumhoc
960 1693 1071 1749 munus
1090 1685 1124 1748 in
1136 1683 1371 1767 prasentio'sit,

219 1779 377 1861 intelligas.
390 1782 466 1844 lllud
475 1782 577 1864 itaque
586 1782 642 1846 tibi
653 1788 785 1846 maxime
802 1800 981 1864 persuasum
995 1801 1060 1844 esse
1072 1781 1224 1863 cupimus,
1236 1779 1373 1847 d’slostis-
1429 1829 1431 1831 »

219 1877 298 1940 sima
315 1879 346 1941 in
366 1880 481 1944 Christo
494 1880 557 1943 illia
569 1887 692 1959 nostra,
706 1879 738 1942 id
752 1898 818 1943 esse
832 1897 1018 1961 semperque
1031 1877 1168 1954 futurum
1187 1879 1282 1942 Nobis
1294 1894 1372 1944 con-

219 1975 360 2057 spicuum
374 1979 568 2059 egregiatda
579 1978 612 2040 in
629 1980 691 2040 Nos
710 1996 745 2039 ac
761 1975 969 2059 Apostolicam
988 1974 1068 2038 hano
1081 1974 1190 2039 Sedem
1204 1969 1372 2046 deuotionis
1393 2002 1395 2006 ·

219 2085 463 2140 monumentum.
479 2078 563 2141 Idem
576 2077 668 2141 etiarn
678 2075 771 2142 Nobis
783 2081 830 2139 est
838 2074 1093 2156 jucundissimum
1111 2080 1272 2156 propterea
1289 2077 1373 2161 'quod

217 2172 370 2250 prasefert
388 2174 579 2240 manifestam
599 2172 756 2253 cujusdem
776 2171 887 2234 intima
908 2189 944 2234 ac
957 2171 1043 2233 vultu
1064 2171 1173 2250 etiam,
1189 2177 1280 2261 atque
1299 2168 1369 2254 ipsis

218 2268 315 2331 oculis
325 2271 483 2334 emicantis
491 2269 713 2352 tranquillitatis
727 2268 819 2331 animi
833 2286 869 2330 ac
880 2265 1040 2330 hilaritatis
1052 2267 1313 2351 significationem.
1326 2266 1371 2328 Ex

217 2381 280 2444 quo
294 2366 437 2431 nimirum
445 2371 508 2432 Nos
521 2369 608 2431 facile
623 2373 653 2430 et
662 2374 748 2430 tuam
759 2366 792 2428 in
803 2364 962 2428 vocatione
975 2366 1188 2446 constantiam,
1203 2372 1234 2429 et
1245 2367 1371 2430 ubetem

217 2463 342 2526 celestis
364 2464 446 2528 inte
467 2467 569 2547 gratia
588 2464 757 2546 largitatem
776 2463 978 2544 agnoscimus.
999 2464 1087 2540 Quod
1107 2472 1212 2546 patere
1233 2459 1371 2554 omniurn

217 2560 311 2622 etiam
323 2563 417 2626 oculis
428 2563 589 2643 voluimus,
599 2569 689 2647 atqua
697 2561 810 2624 idcirco
819 2561 909 2645 plura
917 2561 1056 2643 imaginis
1066 2568 1125 2625 tuae
1138 2560 1221 2644 pingi
1234 2562 1373 2645 exempla

214 2656 376 2737 jussimus,
390 2666 431 2722 ut
451 2661 558 2724 ceteris
577 2661 616 2723 ad
635 2666 726 2723 tanta
748 2658 868 2721 virtutis
885 2658 1092 2722 celebritatem
1110 2657 1145 2722 a'o
1169 2659 1370 2722 imitationem

216 2755 374 2834 proposita
393 2757 599 2842 essesspossint.
623 2758 709 2820 Illam
729 2766 873 2840 praterea
891 2757 931 2822 ad
951 2758 1111 2822 veritatem
1131 2775 1305 2839 expressam
1326 2758 1370 2820 toi

218 2851 348 2930 orantis,
360 2853 513 2935 deumque
532 2873 677 2936 sponsum
699 2855 880 2936 alloquentis
896 2856 1028 2938 speciem
1041 2875 1113 2920 cum
1133 2851 1370 2937 videmus,pltr-

217 2946 332 3009 rimam
342 2955 446 3012 nostra
457 2951 488 3014 in
502 2968 556 3032 spe
569 2951 786 3014 confirmamur
797 2950 863 3014 iore
874 2957 909 3012 ut
920 2971 977 3062 pro
990 2958 1043 3016 tua
1053 2952 1085 3015 in
1095 2953 1158 3016 Nos
1172 2951 1284 3033 pietate
1300 2964 1371 3015 cer—

218 3044 336 3116 tissima
346 3046 417 3110 inde
430 3047 491 3111 sint
501 3047 605 3126 Nobis,
618 3047 758 3110 Ecclesia
777 3065 814 3110 ac
833 3045 989 3111 carissimo
1006 3047 1037 3110 in
1051 3035 1168 3112 Christo
1185 3048 1249 3111 tilio
1266 3054 1371 3111 nostro

217 3140 372 3204 Ludovioo
392 3143 581 3207 Francorum
598 3142 672 3224 Regi
690 3140 943 3206 Christianissimo
961 3145 1169 3243 amantissimo
1181 3144 1299 3229 parenti
1315 3150 1375 3208 tuo

217 3237 342 3301 dinnao
338 3239 404 3321 opis
417 3239 555 3324 presidia
565 3239 716 3305 adiutura.
729 3240 826 3304 ltebes
838 3237 870 3301 id
882 3238 1024 3320 singulari
1039 3223 1148 3304 nostra
1169 3240 1298 3319 caritati,
1309 3258 1371 3322 qua

217 3340 248 3395 te
269 3337 492 3420 prosequimur,
506 3343 663 3451 quaquet
649 3337 705 3400 tibi
721 3355 800 3400 nova
818 3337 881 3400 llos
895 3352 1013 3418 semper
1036 3355 1072 3399 ac
1091 3337 1232 3401 uberiora
1245 3338 1371 3400 celestis

217 3433 340 3514 spiritus
355 3434 436 3497 dona
446 3435 586 3518 cupimus
600 3455 636 3499 ac
647 3452 817 3518 precamur.
833 3435 879 3497 Ac
889 3433 1068 3499 eommdem
1085 3433 1239 3517 auspicem
1250 3443 1370 3518 aposto

217 3528 309 3590 licam
321 3530 562 3594 benedictionem
577 3531 853 3615 tibi,dilectissima
865 3531 897 3594 in
908 3533 1028 3597 Christo
1038 3533 1101 3597 tilia
1113 3538 1233 3611 nostra,
1251 3550 1370 3613 unaque

218 3627 381 3690 carmelitis
399 3625 484 3692 istius
499 3631 673 3694 monasterii
684 3629 849 3712 virginibus
860 3627 941 3694 tuis
933 3650 964 3694 m
973 3630 1091 3694 Christo
1102 3630 1255 3695 sororibus
1267 3634 1370 3695 aman

159 3766 165 3782 .
217 3723 333 3787 tissime
343 3725 542 3808 impertimur
562 3730 672 3792 datram
692 3733 805 3802 nome,
821 3734 892 3799 etc„
907 3730 959 3792 dis
974 3739 1011 3791 aa
1022 3727 1176 3824 februare·
1192 3737 1261 3790 tttt
1269 3735 1370 3867 ,port-

218 3826 349 3902 tisicctas
359 3827 455 3889 nostri
463 3843 543 3888 caco
556 3833 656 3889 tertio.

696 4027 880 4043 m
