3188 5414
470 487 655 543 EPIS'IOLAE
672 480 717 538 ET
734 484 867 538 BREVIA
887 482 1122 538 senatumne:
1316 483 1369 535 tna

723 667 853 741 CLXX.

500 869 502 872 .
523 831 653 872 nlnucro
677 831 763 871 FILIO
788 827 952 871 unulcloso
975 821 1067 877 VIRO,
1129 831 1133 839 '

612 926 802 987 LADISLAO
822 924 967 985 SAPPEL

352 1043 503 1092 ouururs
519 1043 650 1092 seucrr
672 1039 874 1090 rnancrscr
895 1034 1238 1092 auoonnucronuu,

444 1138 449 1145 ’
530 1147 766 1224 CLEMENS
793 1148 921 1224 PAPA
948 1146 1055 1223 XIV.

930 1293 1025 1352 Romae,
1043 1296 1070 1341 14
1085 1291 1219 1341 decembris
1238 1293 1305 1340 1771.

262 1402 392 1473 Dilecta,
408 1409 466 1464 etc.
485 1398 609 1464 MIrifice
623 1399 826 1482 comprobasti
840 1394 933 1460 Nobis
949 1394 1050 1478 studia
1068 1403 1122 1458 111
1141 1414 1177 1458 11
1196 1393 1369 1472 volumine,
1479 1442 1480 1445 ,

217 1498 301 1580 quod
315 1518 410 1580 nuper
422 1519 440 1560 a
451 1506 481 1560 te
494 1497 610 1560 editum
622 1503 729 1559 eontra
738 1493 907 1576 perniciosa
917 1493 1119 1575 quorumdam
1133 1491 1294 1574 scriptaad
1307 1493 1370 1555 Nos

220 1615 281 1657 una
295 1615 366 1659 eum
382 1594 474 1658 literis
486 1595 682 1658 observantia
696 1613 767 1674 erga
780 1594 860 1656 hanc
877 1595 1020 1656 Sanctam
1034 1589 1142 1654 Sedem
1150 1638 1167 1670 ,⁴
1178 1589 1292 1653 aolidei
1307 1591 1370 1671 ple

218 1696 349 1757 nissimIs
363 1695 565 1777 transmisisti.
577 1693 751 1756 Iucundum
763 1709 834 1753 sane
847 1691 940 1753 Nobis
953 1691 1008 1752 Iuit
1025 1691 1107 1752 omui
1121 1695 1151 1750 te
1166 1688 1265 1750 adhuc
1276 1706 1369 1769 opera

218 1799 249 1854 11
265 1789 367 1855 labore
379 1789 576 1870 contendere,
589 1790 671 1872 quod
679 1789 744 1870 jam
755 1786 872 1871 pridem
886 1789 1059 1870 inceperas,
1075 1794 1108 1850 ut
1121 1787 1174 1850 Dei
1184 1785 1368 1861 Ecclesiam,

219 1907 256 1949 ao
278 1889 362 1950 Beati
376 1890 456 1950 Petri
474 1882 653 1950 cathedram
674 1907 692 1948 a
709 1885 879 1947 recentibus
895 1876 1117 1946 adversantium
1132 1874 1369 1964 aggressionibus

219 1982 396 2044 vindicares.
414 1982 529 2045 Idcirco
547 1990 578 2044 et
591 1983 668 2044 bene
683 1980 762 2042 tede
774 1980 867 2042 Nobis
880 1979 988 2042 mereri
1002 1982 1081 2044 ultro
1101 1981 1242 2059 fatemur,
1257 1985 1287 2042 et
1303 1981 1371 2061 pari

218 2093 312 2158 quam
328 2098 372 2140 sa.
386 2097 445 2141 me.
465 2081 602 2141 Clemens
620 2077 688 2139 XIII
701 2076 903 2138 Praedecessor
916 2084 1019 2159 noster
1031 2078 1097 2156 jain
1112 2075 1229 2158 pridem
1243 2082 1370 2138 testatus

218 2179 281 2253 est,
298 2182 424 2257 paterna
438 2183 469 2238 te
482 2177 690 2239 benevolentia
711 2175 955 2258 complectimur,
973 2171 1243 2239 luculentissimum
1256 2173 1371 2235 seilicet

219 2277 358 2333 nostrum
375 2272 510 2335 animum
525 2272 593 2351 tibi,
608 2272 715 2335 dilecte
728 2271 770 2334 lili
792 2271 928 2353 religiose
942 2269 999 2352 vir,
1013 2279 1044 2334 et
1057 2271 1245 2334 declaramus
1264 2277 1296 2332 11
1315 2290 1371 2332 11-

219 2368 368 2431 bibemus.
386 2372 485 2451 Atque
500 2377 535 2432 ut
552 2370 653 2432 divina
666 2388 724 2451 ope
744 2368 855 2431 certius
869 2369 922 2431 niti
938 2369 976 2431 ad
990 2369 1228 2452 promovendam
1243 2367 1295 2429 Dei
1307 2368 1370 2446 glo

219 2467 314 2545 riam,
336 2468 534 2548 Ecclesiaeque
546 2467 706 2529 utilitatem
720 2464 815 2549 possis
823 2511 833 2545 ,
846 2466 974 2529 eoelestis
984 2465 1201 2528 benedictionis
1216 2464 1369 2545 auspicem

222 2564 417 2645 apostolicam
429 2565 670 2628 benedictionem
683 2565 754 2642 tibi,
769 2564 877 2646 dilecte
890 2562 934 2626 fili
949 2563 1084 2644 religiose
1098 2563 1157 2641 vir,
1180 2566 1370 2642 peramanter

220 2663 418 2743 impertimur.
434 2667 546 2727 Dotem
561 2665 679 2735 Rornae,
694 2669 763 2735 etc,
776 2664 825 2724 die
840 2674 874 2723 11
891 2663 1055 2724 decembris
1074 2663 1369 2739 1111,ροη11]111111

219 2765 314 2822 nostri
325 2779 405 2822 1111
418 2767 517 2822 tertio.

726 2869 887 2882 -ffl

502 3008 506 3018 ·
609 3027 612 3033 .
723 2965 864 3038 CLXXI.

688 3127 822 3169 ulnncro
845 3125 930 3168 FILIO

332 3204 544 3288 11111111
563 3213 824 3294 mursensem,
847 3212 1265 3297 11111111111111,’
1378 3316 1381 3321 ¹

522 3337 755 3416 CLEMENS
783 3339 912 3417 PAPA
941 3337 1045 3415 XIV.

930 3491 1029 3548 nomm,
1044 3493 1071 3538 11
1085 3487 1220 3537 decembris
1238 3487 1305 3536 1171.

263 3598 399 3665 viteam,
419 3604 472 3656 ete.
496 3591 634 3657 Libenter
656 3593 871 3671 intelleximus,
885 3593 993 3655 dilecte
1017 3593 1075 3669 fili,
1091 3612 1157 3674 quae
1175 3593 1213 3655 ad
1234 3600 1369 3654 nostram

219 3695 298 3754 hanc
312 3693 571 3773 congregationem
583 3693 620 3755 de
638 3687 836 3775 Propaganda
849 3692 921 3754 Fide
932 3710 1028 3772 nuper
1038 3691 1180 3773 scripsisti
1197 3693 1234 3753 de
1245 3698 1369 3773 aposto-

220 3790 284 3850 lieis
296 3789 450 3860 laboribus
460 3789 535 3866 tuis,
556 3809 633 3870 quos
651 3792 681 3852 in
695 3781 858 3853 excolenda
877 3789 966 3851 Isthic
980 3790 1068 3851 vinea
1085 3790 1220 3869 Domini,
1242 3792 1303 3851 Deo
1320 3789 1370 3849 in-

219 3894 406 3948 crementum
420 3882 531 3963 dante,
548 3886 650 3948 sedula
665 3886 843 3968 assiduaque
854 3905 946 3967 opera
960 3884 1126 3967 impendis,
1147 3906 1182 3948 ac
1195 3888 1233 3948 de
1242 3905 1278 3948 ea
1290 3904 1369 3967 pra-

220 3982 322 4044 sertim
334 3979 635 4061 Fideliumutilitate,
653 4003 747 4064 quam
760 3977 934 4050 uniuersalis
952 3984 1068 4048 lobilaei
1086 3984 1175 4046 isthic
1185 3977 1367 4067 promulgati

200 4101 202 4105 ·
219 4079 429 4158 opportunitas
445 4075 557 4141 intulit.
572 4083 694 4162 Deoque
706 4081 762 4165 ipsi
775 4071 937 4166 propterea
950 4082 1097 4166 plurimas
1110 4083 1225 4164 egimus
1238 4081 1367 4162 gratias,

219 4175 307 4252 cujus
322 4174 506 4255 benignitate
523 4176 639 4239 fructus
654 4180 830 4260 prodierunt
851 4181 1015 4255 uberrimi,
1030 4181 1145 4261 tibique
1166 4197 1217 4240 eas
1229 4178 1370 4241 dedimus

219 4270 336 4349 laudes,
348 4291 413 4353 quae
426 4274 545 4354 egregio
557 4278 685 4358 muneri,
698 4298 759 4360 quo
767 4281 908 4360 fungeris,
919 4281 1078 4343 convenIre
1087 4276 1218 4340 maxime
1227 4275 1366 4356 debeant,

219 4391 291 4436 eum
303 4372 333 4433 in
347 4390 383 4434 eo
398 4374 565 4451 exercendo
575 4376 780 4457 evangelicum
793 4378 963 4440 animarum
982 4378 1093 4455 zelum,
1106 4393 1141 4437 11
1154 4374 1184 4436 in
1196 4367 1368 4456 proximum

218 4469 375 4549 oasitatem
390 4487 459 4534 cum
466 4471 826 4554 prudentiadoctrinaque
835 4471 1057 4537 constrinxeris.
1067 4477 1255 4555 Quapropter
1263 4472 1368 4535 deesse

1229 4586 1261 4636 13
