3188 5414
395 472 576 526 EPlSTOLAE
594 473 640 527 ET
659 473 790 527 BREVlA
809 474 1044 530 saLEcTronl.
1243 486 1290 535 ror

147 562 227 638 neris
248 574 425 654 dignitatem
439 575 566 652 collata,
579 583 616 637 'et
626 581 770 654 congesta
783 594 848 638 esse
859 576 942 639 vidit.
960 577 1178 642 Fidelissimum
1191 590 1292 645 autern
1337 637 1339 642 .

147 675 261 751 Regem
277 662 495 752 cumprimum
509 672 601 751 adiit,
620 673 737 735 eximia
750 673 781 734 in
796 673 881 735 illum
898 674 1018 753 gratie,
1032 693 1068 736 ac
1081 675 1292 740 benevolentia

145 771 178 832 ¹in
190 773 252 832 Nos
273 771 401 848 amoris,
421 771 527 848 studii,
550 789 586 833 ac
608 770 779 835 officiorum
794 772 931 833 omnium
950 771 1103 849 illustria,
1116 790 1152 832 ac
1167 773 1293 836 mirifica

146 865 235 945 plene
245 866 421 930 testimonia
429 868 600 930 extiterunt.
610 869 815 943 Quamobrem
826 867 990 929 incredibili
1003 867 1093 929 animi
1103 869 1293 947 jucunditate

145 963 365 1042 perfundimur,
376 983 411 1026 ac
426 965 610 1028 immortales
620 969 682 1028 Deo
692 964 889 1046 omnipotenti
905 965 1014 1044 gratias
1028 964 1192 1044 reddimus,
1204 973 1292 1047 atque

146 1059 311 1138 hebemus,
325 1062 517 1124 venerabiles
529 1065 664 1140 FratreS,
679 1064 730 1144 qui
746 1070 919 1144 temporum
931 1083 967 1126 nc
986 1083 1089 1126 rerum
1099 1066 1231 1129 rationes
1250 1067 1293 1135 ita

144 1163 351 1236 comparatas,
367 1157 409 1221 ita
418 1158 586 1220 voluntates
599 1159 724 1223 allectas
735 1178 800 1222 esse
812 1159 922 1237 voluit,
936 1167 970 1221 ut
981 1160 1043 1222 hec
1055 1161 1154 1222 Nostri
1165 1163 1293 1225 Pontifi-

143 1259 229 1314 catus
242 1252 329 1315 initia
342 1259 432 1315 tanta
450 1254 493 1316 rei
507 1274 664 1334 successu,
685 1262 808 1336 tamque
828 1255 935 1336 insigni
949 1256 979 1318 in
999 1244 1165 1319 Ecclesiam
1181 1260 1293 1322 collato

144 1349 291 1420 beneficio
306 1349 478 1413 illustraret.
494 1353 580 1426 Quod
591 1352 713 1433 quidem
723 1353 955 1415 comanilestius
965 1355 1026 1414 Deo
1037 1352 1094 1434 ipsi
1102 1353 1292 1417 referendum

142 1446 351 1526 intelligimus,
367 1468 429 1528 quo
447 1450 543 1529 magis
557 1451 693 1517 videmus
705 1451 778 1512 nihil
791 1469 871 1529 esse,
885 1450 967 1531 quod
985 1449 1054 1512 inde
1064 1449 1293 1530 Nobismetipsis

138 1563 182 1605 ao
201 1544 360 1625 diligentie
373 1546 585 1629 industriaeque
597 1556 707 1612 nostre
720 1549 899 1612 tribuamus.
918 1551 1030 1612 Verum
1044 1558 1078 1612 ut
1090 1551 1204 1613 nullam
1218 1569 1293 1631 par·
1406 1572 1412 1590 =

140 1651 206 1713 ‚tem
218 1664 255 1706 ex
269 1645 329 1707 hoo
342 1653 406 1707 tam
422 1646 540 1726 egregio
555 1666 645 1728 opere
658 1667 797 1727 arrogare
810 1647 903 1708 Nobis
918 1664 1095 1728 possumus,
1109 1648 1152 1709 ita
1166 1647 1293 1728 amplis-

138 1746 251 1807 simam
262 1745 414 1825 prolecto,
427 1765 463 1808 ac
477 1747 712 1827 pulcherrimam
726 1765 801 1807 vere
815 1745 916 1826 gloria
932 1739 1134 1814 accessionem
1150 1765 1215 1808 esse
1225 1746 1293 1809 lan-

138 1853 206 1907 lam
226 1844 490 1925 agnoscimus„ac
507 1845 637 1908 latemur
658 1845 848 1908 adsummas
868 1843 1046 1906 Fidelissimi
1064 1843 1152 1925 Regis
1171 1845 1291 1920 laudes,

141 1943 195 2021 qui
215 1942 443 2020 religionemac
462 1943 605 2023 pietatem
621 1962 709 2004 suam
729 1949 813 2005 tanta
833 1943 866 2004 in
886 1945 947 2005 Nos
962 1944 1074 2005 amoris
1086 1944 1292 2024 magnitudine

143 2040 245 2118 palarn
257 2040 398 2101 omnibns
415 2040 668 2120 comprobaverit.
687 2043 758 2114 Qua
771 2059 831 2121 qno
843 2039 985 2102 illustrior
998 2047 1045 2102 est
1056 2059 1092 2102 ac
1103 2043 1293 2121 prestantior

143 2135 221 2197 illius
233 2135 315 2213 laus,
334 2155 371 2198 eo
390 2137 511 2198 uberior
524 2144 569 2198 est
582 2137 673 2198 etiarn
684 2137 882 2216 jucunditatis
901 2139 1014 2200 Nostrae
1024 2139 1102 2200 ratio
1113 2157 1184 2213 curn
1201 2158 1293 2219 quem

143 2244 270 2316 paterna
287 2237 412 2299 caritate
431 2250 554 2318 'semper
573 2236 722 2316 complexi
732 2281 741 2313 ,
765 2236 874 2316 cuique
889 2235 1005 2314 fausta,
1031 2237 1178 2316 gloriosa,
1203 2244 1293 2317 atque

143 2333 259 2413 optima
273 2352 399 2413 quaque
418 2333 531 2415 precati
547 2351 667 2409 sumus,
682 2331 812 2394 eundern
832 2333 1007 2412 insignitum
1020 2351 1102 2410 esse,
1125 2342 1215 2414 alque
1238 2350 1293 2394 or-

143 2437 248 2490 natum
260 2430 433 2509 hujusmodi
446 2430 684 2512 praecellentibus
703 2428 733 2491 in
749 2428 914 2491 Ecclesiam
928 2428 1042 2491 meritis
1057 2429 1222 2492 videamus·
1236 2430 1293 2490 Ve-

114 2590 116 2595 ⁴
141 2544 209 2586 rum
228 2527 423 2607 amplioribus
437 2527 528 2588 etiarn
543 2525 662 2588 extendi
675 2525 785 2587 linibus
799 2525 906 2587 laetitiae
916 2526 1037 2588 ¹Nostra
1052 2527 1183 2588 rationes
1195 2525 1293 2586 intue-

140 2643 219 2686 mur.
235 2626 405 2688 Certissime
415 2627 498 2688 enim
511 2625 708 2701 confidimus,
725 2623 876 2704 Vobisqne
891 2622 1054 2703 recipimus
1063 2621 1292 2684 luculentiorem

140 2720 273 2782 suturam
287 2721 317 2781 in
330 2721 411 2798 dies,
423 2727 454 2782 et
468 2720 627 2782 clariorem
636 2719 808 2798 hujusmodi
819 2719 966 2799 optimam
976 2720 1126 2781 Carissimi
1137 2719 1166 2779 in
1177 2719 1292 2785 Christo

135 2812 207 2873 >Filii
223 2813 324 2875 Nostri
336 2832 408 2892 erga
420 2815 482 2875 Nos
496 2814 702 2889 voluntatem,
717 2814 840 2892 ejusque
854 2813 957 2888 novis,
977 2819 1066 2892 atque
1080 2813 1292 2879 illustrioribus

142 2910 295 2988 religionis
309 2929 344 2972 ac
358 2911 476 2991 pietatis
491 2911 691 2989 argumentis,
706 2918 796 2990 atque
808 2911 839 2971 in
854 2910 1060 2990 Apostolicam
1076 2912 1156 2973 hanc
1169 2912 1289 2988 sedem,

140 3008 216 3070 etin
240 3009 409 3072 universnm
427 3009 594 3071 Ecclesiam
614 3009 731 3070 meritis
743 3010 804 3072 Nos
824 3027 885 3074 una
902 3007 1084 3087 Vobiscum,
1101 3009 1291 3073 Venerabiles

132 3107 277 3184 -Fratres,
294 3126 360 3169 esse
375 3114 521 3188 perpetuo
542 3107 700 3170 letaturos.

623 3233 807 3243 ——u———na—-n

655 3340 769 3410 XClll.

400 3497 568 3540 cultissimo
593 3499 627 3538 ln
651 3499 785 3540 CHRISTO
808 3500 894 3542 nimo
918 3501 1034 3542 NOSTRO

297 3604 463 3667 JOSEPHO
484 3603 767 3668 PonTqutLIAE
787 3607 836 3666 ET
857 3606 1140 3668 ALGARBIORUM

572 3731 645 3780 nuci
660 3730 861 3779 rinuurssnro

451 3833 684 3912 crinnnns
711 3835 840 3912 PAPA
868 3833 974 3912 xlv.
1089 3780 1091 3784 ⁷

908 3984 1006 4040 Rome),
1019 3988 1033 4030 6
1046 3980 1139 4043 augusti
1157 3982 1224 4029 1770.

184 4087 358 4161 Carissime,
378 4096 435 4150 etc.
451 4087 589 4162 Litteris,
600 4108 676 4170 quas
689 4108 784 4170 nuper
796 4087 985 4169 accepimus,
998 4087 1139 4150 certiores
1148 4085 1209 4148 Nos
1218 4083 1287 4148 lecit

141 4178 285 4243 adventus
298 4182 328 4244 in
340 4193 425 4244 tuam
448 4182 574 4263 Regiam
590 4185 695 4248 urbem
715 4185 760 4248 sui
774 4185 961 4247 Venerabilis
973 4188 1077 4247 Frater
1098 4178 1299 4245 innocentius

138 4277 389 4361 acchiepiscopus
400 4281 470 4362 Tyri
486 4288 588 4344 noster
597 4289 628 4344 et
640 4282 819 4365 Apostolioae
831 4282 915 4346 Sedis
927 4283 1036 4345 missus
1050 4281 1088 4343 ad
1099 4281 1286 4361 Majestatem

133 4376 235 4436 ''l'uam
250 4376 422 4440 Ordinarius
432 4379 584 4458 Nunnius,
602 4400 722 4463 unaque
733 4381 889 4461 diligenter
901 4380 1090 4463 perscripsit,
1104 4400 1142 4452 ex
1155 4399 1216 4461 quo
1227 4386 1287 4460 pri·

135 4492 222 4538 nrum
236 4475 342 4556 pedoni
360 4476 388 4538 in
400 4484 493 4542 tuum
509 4481 644 4560 Regrrum
660 4480 824 4555 intulisset,
839 4481 930 4543 tantis
944 4484 1102 4558 exceptum
1118 4477 1210 4544 luisse
1227 4477 1285 4537 lio-
