3188 5414
475 483 656 539 EPlSTOLAE
674 485 719 538 ET
738 484 872 538 Bnavm
890 483 1119 538 SELECTlORA.
1334 487 1369 538 77

224 593 404 670 potestatem
428 587 574 666 tacimus,
596 588 718 650 eosdem
746 605 928 668 magnopere
950 590 1126 663 hortamus,
1149 593 1182 648 ut
1210 588 1288 650 beati
1312 608 1368 671 pa-

224 686 278 746 tris
301 684 439 765 spiritum
461 703 578 765 semper
599 687 746 747 retineant
766 691 829 747 tam
854 684 991 764 religiosa
1010 683 1128 745 vivendi
1147 682 1316 746 humilitate
1338 694 1369 747 et
1421 694 1424 701 '

224 783 317 845 divini
330 784 430 845 cultus
449 783 565 861 studio,
578 803 671 864 quam
691 784 810 845 illarum
829 783 1037 864 precationum
1057 780 1247 858 assiduitate,
1259 783 1368 863 quibus

220 887 365 961 gratossc
377 881 430 942 tibi
440 881 605 961 prasertim
614 881 789 958 exhibeant,
801 880 953 942 tescilioet
961 886 1105 959 tuamque
1116 878 1229 959 regiam
1238 883 1368 942 Domum

221 978 454 1057 universumque
469 996 596 1058 regnum
611 978 809 1059 omnipotenti
823 980 886 1039 Deo
899 996 1017 1059 semper
1030 979 1288 1042 commendantes.
1303 982 1369 1042 lloc

220 1075 313 1138 modo
327 1081 470 1156 poterunt
481 1074 538 1156 ipsi
551 1082 582 1137 ct
593 1095 648 1138 suo
666 1094 739 1154 erga
757 1083 788 1137 te
802 1077 950 1155 muneris,
968 1084 1000 1140 et
1019 1079 1129 1143 Nostro
1145 1080 1184 1142 dc
1194 1087 1247 1142 tua
1265 1081 1368 1162 tuique

220 1173 360 1235 catholici
378 1173 463 1252 regni
480 1172 621 1235 felicitate
643 1172 790 1235 desiderio
806 1175 1152 1255 preclaresatislacere3
1170 1196 1268 1259 neque
1286 1179 1367 1242 enim

223 1269 389 1349 quidquam
408 1276 550 1350 optamus
568 1269 679 1348 magis,
701 1270 857 1332 Carissimo
868 1271 898 1334 in
914 1273 1029 1336 Christo
1046 1274 1089 1336 fili
1101 1281 1212 1354 noster,
1227 1294 1320 1356 quam
1334 1282 1368 1340 ut

221 1365 358 1426 omnium
383 1366 547 1428 coelestium
571 1366 820 1428 Benedictiouum
845 1369 932 1448 copia
952 1388 1070 1451 semper
1095 1371 1212 1433 affluas.
1234 1374 1319 1434 Hanc
1337 1380 1368 1434 ta

223 1463 320 1542 magis
331 1463 362 1523 in
380 1462 445 1525 dias
458 1463 693 1544 promeriturum
704 1471 758 1527 tuo
775 1483 831 1545 pro
849 1465 949 1528 divina
965 1466 1061 1547 gloria
1076 1469 1273 1549 Ecclesiaeque
1289 1470 1367 1530 utili-

222 1566 283 1622 tate
309 1561 514 1641 promovenda
533 1561 632 1624 studio
655 1562 778 1624 minime
801 1563 984 1626 dubitamus.
1006 1567 1103 1640 Quam
1124 1565 1162 1627 de
1187 1574 1216 1628 te
1236 1565 1366 1627 maxime

222 1659 359 1738 capimus
382 1680 417 1722 ex
434 1660 596 1742 perspectis
615 1660 703 1740 regiis
715 1661 876 1723 virtutibus
895 1662 955 1723 tuis
971 1662 1125 1739 fiduciam,
1149 1681 1277 1744 eamque
1295 1681 1366 1724 cum

220 1755 377 1834 singularis
394 1775 465 1836 erga
486 1763 516 1817 te
535 1763 667 1837 paterna
688 1757 808 1837 pietatis
830 1759 998 1820 constantia
1017 1759 1060 1820 ita
1079 1759 1305 1840 conjungimus,
1332 1766 1367 1822 ut

219 1947 336 2014 indiciis
355 1951 409 2012 tibi
429 1951 671 2033 comprobandae.
692 1952 738 2012 Ac
755 1951 786 2011 iu
807 1951 897 2031 hujus
916 1952 1076 2032 pontificia
1094 1949 1255 2015 voluntatis
1275 1974 1367 2036 argu-

222 2055 361 2110 mentum
385 2048 580 2129 apostolicam
600 2045 839 2109 benedictionem
863 2043 932 2126 tibi,
958 2049 1114 2111 carissime
1138 2050 1169 2112 in
1189 2049 1305 2114 Christo
1325 2051 1367 2112 fili

220 2151 336 2222 noster,
359 2145 475 2225 totique
490 2144 578 2225 regia
599 2143 728 2206 Familiae
748 2150 806 2206 tuae
820 2144 925 2207 intimo
939 2145 1038 2208 cordis
1051 2145 1145 2208 nostri
1156 2165 1245 2208 sensu
1258 2164 1367 2209 aman-

220 2240 333 2302 tissime
352 2240 552 2322 impertimur.
569 2241 684 2302 Dctcm
698 2242 811 2311 Romae,
828 2248 901 2313 etc,
920 2243 970 2304 dia
985 2254 1002 2303 5
1019 2245 1131 2322 aprilis
1152 2253 1239 2322 1770,
1257 2249 1367 2324 pontt-

219 2338 327 2403 acutus
342 2341 437 2399 nostri
449 2355 529 2399 anno
535 2339 647 2416 primo.

698 2457 883 2469 n———nn

743 2567 844 2636 LXX.

671 2722 806 2766 DILECTO
828 2722 915 2768 rtnlo

596 2826 828 2888 EnfflANUELI
846 2829 982 2900 PINTO,

293 2949 478 2999 nosnrrnurs
495 2949 519 2997 s.
531 2950 667 2999 unimus
682 2951 976 3001 amnosouumrsnr
991 2954 1102 3002 urano
1118 2955 1295 3018 naasson,

433 3068 435 3072 ’
532 3054 764 3135 CLEMENS
791 3059 919 3135 PAPA
946 3058 1053 3138 XIV.

999 3212 1096 3270 Roma,
1111 3206 1217 3274 taprtlts
1236 3216 1302 3265 1770.

259 3305 389 3382 Dilecta,
403 3316 460 3372 etc.
480 3311 656 3392 Dolorema
670 3319 700 3374 tc
713 3321 890 3397 perceptum
904 3317 944 3379 ob
958 3335 1010 3396 aa,
1028 3336 1095 3398 quae
1109 3317 1198 3386 isthic
1214 3319 1366 3387 immode-

218 3417 283 3474 rate
295 3419 378 3493 gesta
392 3430 455 3475 csse
469 3411 637 3493 significas,
652 3412 894 3496 offensionesque
904 3415 982 3478 inter
995 3434 1049 3478 vos
1059 3433 1182 3496 omnes,
1196 3436 1233 3481 ac
1243 3427 1366 3501 pertur-

218 3515 326 3577 batum
337 3533 441 3580 rarum
454 3521 620 3577 resbacum
635 3519 748 3576 statum
761 3518 955 3594 permoleste,
969 3520 1003 3577 ut
1013 3534 1069 3595 par
1082 3522 1162 3594 erat,
1175 3519 1363 3600 accepimus,

219 3612 326 3674 dilecte
347 3611 409 3689 tili,
429 3630 485 3692 pro
507 3619 611 3674 nostro
628 3620 761 3693 paterna
774 3612 908 3675 caritatis
929 3631 1002 3693 erga
1015 3620 1046 3675 te
1059 3621 1206 3696 tuumque
1226 3617 1364 3681 ordinem

219 3708 337 3787 studio,
351 3707 520 3789 quemsuis
532 3708 587 3771 niti
606 3709 739 3790 pristinis
750 3709 882 3788 legibus,
897 3715 1038 3789 rectaque
1048 3711 1269 3775 servandomm
1283 3714 1366 3778 iusti·

218 3816 353 3873 tutorum
366 3808 482 3870 ratione
493 3807 594 3888 uigere
608 3807 800 3869 uehementer
812 3811 964 3887 optamus.
979 3805 1126 3885 Maiorem
1139 3807 1241 3890 itaque
1252 3811 1282 3873 in
1295 3828 1365 3874 mo-

219 3903 292 3965 dum
315 3903 436 3966 excitati
461 3921 581 3981 sumus,
605 3909 641 3971 ut
660 3919 769 3984 opera,
786 3902 927 3980 consilio,
949 3906 1040 3983 atque
1059 3904 1240 3969 auctoritate
1260 3913 1365 3972 nostra

218 4002 366 4078 ejusmodi
393 4001 490 4065 dolori
513 4007 584 4078 tuo,
599 4000 763 4081 vestrisque
776 4018 971 4062 occurramus
989 3999 1204 4081 incommodis,
1220 4010 1363 4087 tantaque

219 4100 411 4162 contentione
424 4099 593 4180 disruptam
613 4097 784 4160 animorum
797 4097 1044 4178 tranquillitatem
1063 4100 1141 4162 inter
1156 4119 1211 4163 vos
1230 4101 1365 4166 redinte-

220 4195 300 4275 grari
314 4214 465 4260 curemus.
487 4195 618 4258 Proinde
631 4195 742 4258 dilecto
761 4195 823 4257 tilio
838 4194 1003 4276 apostolico
1020 4195 1189 4277 inquisitori
1209 4197 1364 4280 diligenter

217 4297 248 4356 in
257 4295 409 4358 mandatis
417 4295 579 4374 damusca‚
589 4313 656 4377 qua
662 4293 811 4359 desiderio
820 4299 872 4354 tuo
882 4292 1078 4374 prasentiqua
1086 4299 1254 4357 vestrarum
1262 4315 1363 4360 rarum

218 4395 348 4475 tempori
362 4394 494 4457 maxime
508 4394 684 4468 convenire,
700 4412 737 4456 ac
750 4391 835 4454 vobis
849 4397 1019 4473 opportuna
1033 4392 1099 4470 lore
1117 4410 1177 4473 pra
1191 4395 1297 4458 cebris
1311 4415 1364 4459 ar-

216 4489 378 4569 bitramur,
390 4491 573 4573 minimaque
582 4490 782 4571 ambigimus,
797 4488 869 4569 quin
886 4488 984 4551 eidem
1001 4490 1040 4552 de
1058 4489 1189 4554 ineunda
1201 4493 1364 4555 concordia
