3188 5414
781 535 980 590 CLEMENTlS
999 535 1065 588 XlV

832 701 1007 772 CCXCVll.

668 824 969 917 naoflrnrrsooro
990 856 1182 917 PRAGENSI

1008 1022 1011 1029 ·
1097 999 1189 1055 Rome,
1208 1001 1235 1045 ¹9
1247 994 1353 1056 ianuarii
1368 997 1436 1045 llll.

392 1100 643 1161 Illustrisso'meoc
656 1099 906 1162 nevereooaame
916 1104 1042 1164 Domine
1051 1104 1088 1163 D.
1099 1103 1138 1163 P.
1153 1101 1189 1163 C.
1198 1099 1495 1179 Quamingenstidei,

352 1198 528 1278 virtutisque
542 1205 601 1260 tuae
613 1198 694 1260 lama
705 1200 885 1280 populorum
899 1218 953 1261 ora
964 1198 1176 1279 compleverit,
1190 1196 1262 1258 binc
1277 1195 1363 1258 facile
1385 1198 1497 1277 poteris

352 1296 541 1373 existimare,
553 1296 634 1378 quod
645 1315 701 1377 ego
711 1304 741 1360 te
753 1305 823 1360 ante
835 1297 945 1378 incipio
956 1315 1072 1378 rogare,
1085 1315 1177 1377 quam
1191 1313 1292 1372 nosse,
1306 1294 1445 1377 quodque
1457 1295 1497 1356 li-

352 1394 434 1456 benti
449 1401 478 1456 te
495 1394 595 1465 animo
607 1396 814 1474 amplexurum
825 1395 944 1456 confido
954 1394 1143 1456 occasionem
1150 1394 1188 1455 de
1196 1411 1229 1456 re
1236 1392 1397 1470 catholica,
1411 1400 1497 1474 atque

352 1491 525 1572 Apostolioa
536 1491 593 1553 hac
604 1491 679 1554 Sede
692 1493 833 1573 praeclare
842 1487 989 1555 merendi.
1002 1489 1280 1571 Perspectlssimum
1293 1488 1358 1567 jam
1368 1508 1434 1551 esse
1446 1489 1494 1553 tibi

352 1588 453 1666 debet,
469 1594 542 1668 quot
560 1589 723 1669 qualesque
742 1589 770 1651 in
785 1590 908 1653 Dioecesi
925 1587 1148 1652 Vratislaviensi
1164 1585 1361 1649 excitaverint
1381 1586 1493 1664 turbas,

353 1685 521 1766 quibusque
541 1685 813 1749 machinationibus
827 1687 874 1750 usi
892 1687 1036 1749 continuo
1047 1685 1159 1747 suerint
1174 1683 1342 1747 malesuadi
1363 1683 1493 1745 homines

354 1783 491 1845 extincta
501 1783 649 1845 societatis
658 1786 745 1861 Jesu,
759 1791 793 1846 ut
804 1785 943 1866 evulgato
953 1782 1071 1864 jamdiu
1080 1782 1118 1854 de
1132 1781 1281 1844 Societate
1297 1781 1364 1861 ipsa
1376 1781 1494 1843 delenda

353 1880 527 1962 Apostolico
540 1879 626 1941 Brevi
645 1886 757 1942 temere
770 1881 969 1956 obsisterent,
985 1899 1020 1942 ac
1032 1878 1196 1942 Pontificiis
1209 1885 1379 1958 utcumque
1394 1880 1495 1940 coniixi

321 2045 325 2055 ,
354 1978 470 2058 legibus
483 1996 633 2058 nusquam
644 1983 745 2040 tamen
759 1977 906 2059 profligati
919 1978 1099 2040 viderentur.

394 2075 484 2151 Quasi
510 2075 622 2137 etenim
639 2075 767 2138 societas
778 2076 844 2157 ipsa
855 2077 901 2138 vel
911 2076 1010 2138 adhuc
1019 2075 1147 2150 viveret,
1159 2075 1207 2136 vel
1216 2073 1277 2136 suis
1287 2075 1379 2136 veluti
1393 2077 1497 2138 ecina-

355 2173 438 2235 ribus
461 2173 521 2235 illio
541 2179 664 2234 evocata
688 2173 880 2249 consisteret,
899 2191 989 2236 nemo
1011 2190 1089 2234 unus
1109 2173 1227 2234 illorum
1251 2171 1386 2253 antiquis
1406 2174 1497 2236 adhuc

355 2271 491 2333 moribus
512 2270 685 2350 legibusque
703 2271 892 2352 temperavit.
913 2269 1037 2331 Scholas
1051 2269 1112 2330 imo
1125 2268 1253 2348 quisque
1270 2277 1393 2332 exercet
1405 2271 1497 2352 impa-

355 2367 460 2445 vidus,
488 2367 608 2447 publice
630 2373 766 2429 versatur
785 2367 933 2445 ecclesiis,
952 2366 1188 2448 dispensatorem
1211 2365 1272 2446 agit
1290 2369 1496 2449 mysteriorum

356 2462 426 2540 Dei,
440 2463 599 2543 pluresque
608 2464 765 2525 turmatim
778 2463 945 2526 scholastici
959 2469 1065 2542 urgent
1079 2461 1188 2524 initiari
1198 2463 1291 2524 sacris
1306 2464 1344 2525 ad
1359 2464 1497 2528 nefariam

357 2566 613 2623 sacramentorum
636 2560 860 2623 contumeliam.
880 2561 1018 2640 Dumque
1038 2577 1144 2622 omnes
1167 2560 1322 2639 clausam,
1347 2562 1496 2636 mutilam,

359 2666 390 2720 et
407 2658 541 2740 qualibet
560 2656 648 2721 sorde
661 2658 844 2720 maculatam
864 2657 994 2720 offerunt
1006 2656 1153 2734 hostiam,
1170 2657 1252 2718 omni
1271 2676 1330 2738 ope
1344 2659 1497 2739 studioque

357 2760 505 2833 nituntur,
530 2760 620 2835 atque
645 2755 674 2815 in
697 2755 871 2836 Apostolico
890 2752 1113 2815 Vratislaviensi
1135 2753 1255 2816 Vicario
1274 2756 1431 2817 suscitavit
1448 2755 1498 2817 sibi

356 2855 435 2914 Deus
465 2853 650 2915 sacerdotem
673 2853 809 2927 fidelem,
842 2851 970 2914 assiduis
991 2849 1134 2912 molestiis
1159 2850 1290 2930 agitent,
1315 2870 1430 2933 eosque
1452 2853 1497 2934 qni

357 2949 459 3012 fideles
469 2956 555 3029 sunt,
571 2957 601 3014 et
612 2951 737 3013 verbum
751 2951 869 3015 Domini
884 2950 1024 3027 audiunt,
1044 2947 1115 3010 diris
1126 2947 1333 3010 vexationibus
1349 2948 1500 3031 impuden

357 3046 469 3108 tissime
480 3048 606 3126 jactent.
619 3056 621 3059 ’
654 3106 659 3129 ,
1259 3110 1263 3121 ,

397 3143 568 3205 Teterrima
594 3145 663 3206 huic
683 3145 852 3225 tempestati
871 3145 968 3206 lacem
982 3143 1183 3231 praetulit,·ac
1205 3141 1344 3223 proferre
1371 3144 1499 3217 nondum

357 3237 427 3299 sinit
438 3238 576 3300 inimicus
584 3239 677 3302 bomo
686 3241 808 3302 Carolus
817 3240 950 3302 Rainock
957 3286 965 3317 ,
975 3241 1027 3322 qui
1039 3239 1112 3302 dum
1125 3240 1369 3321 Wurtebergensi
1380 3235 1502 3304 Jesuita·

357 3351 426 3394 rum
440 3335 589 3415 Collegio,
602 3336 787 3417 fortunisque
799 3343 925 3418 praerat
933 3355 969 3399 eo
984 3337 1116 3401 scandali
1124 3337 1305 3419 scelerisque
1315 3338 1500 3416 conscendit,

359 3438 392 3493 ut
406 3432 445 3495 ab
463 3433 562 3496 activa
575 3452 611 3496 ac
630 3434 750 3515 passiva
768 3452 857 3514 voco,
876 3435 914 3497 ab
935 3435 1080 3498 universis
1093 3434 1218 3514 ciliciis,
1238 3436 1279 3498 ab
1299 3436 1368 3518 ipso
1382 3437 1502 3500 demum

358 3525 474 3612 agendo
488 3530 668 3612 paenitentiae
686 3540 875 3595 sacramento
897 3532 1032 3612 dejectus
1052 3531 1159 3609 luerit,
1175 3533 1240 3614 ipsa
1263 3533 1337 3597 olim
1361 3535 1502 3598 societate

357 3627 536 3707 plaudente,
554 3629 695 3710 quodque
706 3628 825 3709 gravius
842 3635 903 3707 est,
926 3630 1002 3693 adeo
1017 3630 1124 3711 serpit,
1140 3630 1393 3714 progrediturque
1406 3650 1503 3696 sermo

358 3727 556 3808 ejusloquens
566 3729 745 3806 vanitatem,
755 3726 956 3790 utoommotis
964 3773 972 3804 ,
981 3726 1177 3809 abductisque
1186 3726 1217 3788 in
1229 3729 1409 3791 sententiam
1419 3748 1502 3794 suam

358 3824 532 3904 provinciali
548 3825 656 3889 Silesiae
669 3844 704 3887 ac
717 3824 889 3887 Senioribus
908 3823 1046 3886 exstincti
1065 3823 1193 3901 ordinis,
1208 3825 1339 3905 populus
1352 3824 1402 3888 ille
1415 3827 1503 3888 veluti

358 3919 506 3985 fluctuans
518 3941 536 3983 a
550 3941 623 3984 voce
638 3922 717 3986 Petri
739 3941 774 3984 ac
788 3922 903 3984 Sancte
915 3923 1019 3983 Matris
1037 3922 1195 4000 Ecclesiae,
1211 3942 1290 3986 novo
1303 3924 1370 4002 jann
1384 3924 1503 4007 incipiat

359 4027 447 4083 vento
463 4020 492 4082 in
507 4019 639 4100 nequitia
650 4020 807 4082 hominum
819 4018 1014 4081 circumferri.

399 4118 475 4181 llinc
489 4137 580 4200 porro
594 4117 680 4179 facile
693 4118 818 4199 quisque
829 4117 965 4196 intelligit
976 4135 1097 4196 gravem
1110 4117 1309 4198 acerbamque
1320 4121 1501 4199 molestiam,
1582 4120 1584 4125 ⁴

359 4234 424 4293 quaa
444 4215 597 4278 Pontificis
621 4215 722 4277 animo
742 4215 865 4294 insedit,
884 4214 933 4276 ubi
954 4214 1123 4294 insperatus
1143 4215 1217 4276 tanti
1239 4214 1384 4279 facinoris
1400 4236 1503 4280 rumor

358 4311 515 4375 increbuit.
537 4311 624 4374 Novit
645 4312 670 4375 is
691 4311 814 4394 periculi
839 4311 1091 4393 magnitudinem,
1114 4330 1207 4393 eaque
1223 4312 1400 4392 gravissima
1422 4316 1503 4377 novit

358 4406 561 4488 incommoda,
569 4406 678 4490 quibus
687 4407 823 4488 ejusdem
832 4409 972 4472 facinoris
981 4410 1155 4489 tolerantia,
1165 4417 1307 4492 corrupta
1320 4413 1502 4493 populorum

359 4504 554 4584 conscientia,
570 4512 600 4568 et
614 4524 754 4587 suprema
768 4507 949 4587 Apostolicae
965 4506 1049 4568 Sedis
1063 4507 1224 4570 auctoritas
1239 4507 1442 4571 allicerentur.
1464 4511 1503 4569 nt
