3188 5414
368 499 547 554 EPlS'l'OLAE
566 501 610 553 ET
629 501 760 555 Bnnvm
781 503 1015 559 snube'nona.
1215 511 1264 572 {27

118 601 304 664 necessitatis
330 603 462 664 rationes
489 610 594 665 exacta
624 605 693 665 sint.
722 607 787 678 Quo
812 605 946 684 quidem*
962 613 1052 686 paeto
1080 607 1265 691 satisfactum

117 699 247 761 maxime
257 699 314 761 erit
328 700 393 778 ejus
407 699 506 780 Regiae
517 701 697 780 apostolicas
713 701 860 780 Maiestati
870 747 878 778 ‚
890 720 956 782 qua
968 702 1011 764 ita
1024 701 1085 764 suis
1095 703 1265 783 prospicere

116 799 216 880 cupit,
227 806 262 860 nt
275 799 456 880 populorum
474 799 594 879 pietati,
606 818 642 860 ac
654 806 769 860 aterna
783 799 872 863 saluti
883 800 1051 861 cavendum
1067 817 1132 860 esse
1143 819 1200 880 pro
1210 819 1265 862 sua

114 895 257 977 religione
270 915 307 959 ac
317 896 465 978 sapientia
483 898 632 979 praecipue
643 898 746 960 ducat,
759 900 924 980 Postquam
938 881 1106 980 igiturquia
1117 898 1265 980 capienda

113 1013 178 1056 esse
192 993 373 1057 videbuntur
385 993 526 1072 consilia,
539 1014 610 1058 cum
622 997 728 1058 eadem
744 997 1028 1076 communicaveris,
1042 997 1130 1079 eique
1146 998 1264 1080 placere

112 1094 402 1174 videris2,v01umus,
415 1101 446 1157 et
462 1096 626 1177 apostolica
640 1096 819 1159 auctorbate
829 1096 883 1160 tibi
898 1117 953 1179 per
961 1098 1053 1160 lrasee
1066 1098 1179 1160 litteras
1189 1115 1264 1160 uos-

112 1199 173 1252 tras
190 1190 423 1271 committimus,
440 1200 473 1254 ut
486 1212 542 1274 pro
552 1193 673 1276 populis
687 1195 863 1276 regnisque,
878 1214 944 1277 quae
961 1196 1040 1258 illius
1059 1195 1164 1257 ditioni
1178 1205 1263 1278 extra

112 1288 230 1350 ltaliam
247 1289 459 1369 subjiciuntur,
474 1289 619 1354 festorum
637 1293 755 1355 dierum
772 1313 936 1357 numerum
953 1294 1052 1356 adbuc
1067 1293 1260 1370 imminuere,

92 1379 140 1447 'et
155 1385 193 1447 ab
208 1405 300 1449 onere
317 1387 410 1450 etiam
424 1389 501 1450 sacri
519 1388 550 1451 in
565 1389 600 1451 iis
620 1390 759 1454 audiendi
773 1391 1027 1473 dispensationem
1044 1390 1159 1468 lacere,
1172 1397 1262 1471 prout

110 1486 310 1566 opportunius
326 1504 393 1550 esse
407 1488 590 1568 judicaveris
604 1489 634 1551 in
651 1491 779 1554 Domino
799 1491 910 1553 valeas.
926 1489 1012 1565 Quod
1030 1489 1104 1551 dum
1118 1507 1259 1569 perages,

110 1582 181 1644 illud
192 1583 339 1670 majorem
350 1584 381 1647 in
394 1585 521 1648 modum
534 1588 689 1668 cupimus,
704 1588 828 1650 omuino
842 1606 930 1650 cures
937 1633 946 1665 ,
958 1606 996 1649 ne
1007 1586 1083 1649 testa
1096 1585 1189 1647 etiam
1200 1587 1261 1647 An·

108 1680 308 1744 nunciatiouis
323 1688 354 1744 et
367 1682 577 1765 Gonecptionis
597 1687 697 1747 Beatae
709 1686 811 1748 blariae
826 1685 957 1767 Virginis
975 1684 1113 1749 imminui
1124 1703 1180 1747 sua
1195 1687 1259 1746 Ma·

104 1778 198 1853 jestas
208 1779 290 1856 velit,
300 1779 383 1861 quod
393 1780 480 1843 facile
493 1780 630 1862 prolecto
644 1781 699 1863 ipsi
709 1784 909 1864 persuaseris,
924 1801 995 1845 eum
1006 1781 1113 1846 eodem
1119 1787 1259 1863 ternpore

106 1881 138 1935 et
147 1875 252 1962 pietati
265 1895 325 1938 sura
336 1895 397 1957 qua
409 1890 481 1958 erga
495 1895 602 1940 eorum
612 1879 824 1959 Mysteriorum
837 1880 1017 1942 memoriam
1028 1897 1094 1941 esse
1107 1878 1213 1951 debet,
1227 1887 1258 1939 et

106 1971 200 2034 Nobis
210 1972 282 2053 ipsis
294 1972 324 2034 id
336 1974 374 2035 ab
385 1988 422 2035 ea
439 1972 632 2035 vehementer
649 1974 823 2054 optantibus
834 1975 966 2038 maxime
978 1992 1096 2037 morem
1114 1980 1208 2054 geret.
1224 1977 1257 2045 ln

107 2069 181 2131 illud
197 2077 342 2151 praterea
362 2071 431 2132 anni
443 2078 564 2152 tempus
580 2071 687 2133 eadem
702 2073 839 2135 incidunt
850 2074 943 2151 festa,
958 2073 1041 2155 quod
1058 2072 1197 2154 impedit,
1219 2092 1257 2134 ne

105 2187 161 2229 suo
181 2176 264 2231 mota
278 2170 344 2232 loco
356 2169 386 2231 in
404 2169 619 2250 proximiorem
632 2171 822 2233 Dominicum
833 2172 914 2234 diem
928 2171 1154 2234 transferantur.
1171 2171 1258 2232 Alte-

105 2287 173 2329 rum
185 2270 265 2330 euim
278 2268 307 2330 in
322 2267 555 2348 Quadragesima
574 2267 767 2349 plerumque,
780 2287 899 2350 semper
919 2271 1047 2333 alterum
1068 2269 1098 2330 in
1117 2268 1255 2330 Adventu

105 2367 283 2445 celebratur,
295 2385 426 2448 quorum
438 2373 609 2447 temporum
620 2365 766 2427 Dominiei
778 2365 841 2427 dies
853 2366 896 2427 ita
907 2368 984 2429 sacri
998 2373 1028 2428 et
1039 2366 1156 2429 colendi
1167 2373 1252 2442 sunt,

105 2470 138 2523 ut
147 2464 274 2526 aliorum
288 2462 435 2525 festorum
444 2460 689 2539 conjunctionem
700 2480 738 2523 ex
748 2461 839 2523 veteri
852 2463 991 2527 Ecclesia
1000 2465 1060 2526 ritu
1073 2482 1133 2525 non
1144 2462 1251 2524 lerant.

103 2564 202 2623 Tuum
215 2561 304 2642 igitur
318 2560 375 2623 erit
386 2578 509 2622 omnem
529 2556 603 2622 dare
626 2577 768 2641 operam,
785 2567 820 2622 ut
838 2561 868 2621 in
881 2561 962 2624 hano
981 2569 1117 2624 nostram
1131 2567 1251 2625 senten-

102 2659 187 2737 tiam,
197 2679 235 2721 ne
248 2659 322 2740 quid
333 2658 490 2720 scilicetde
499 2657 607 2720 iisdem
618 2659 680 2721 ullo
690 2659 782 2720 modo
792 2658 964 2736 innovetur,
974 2659 1059 2740 pium
1073 2658 1252 2739 Apostolicaa

100 2757 218 2836 Regina
237 2757 374 2818 animum
387 2754 669 2817 omninoinducas.
689 2757 735 2840 Ac
757 2756 787 2817 in
806 2756 968 2835 pontificia
990 2755 1122 2817 caritatis
1143 2755 1252 2834 pignos

101 2853 308 2932 Apostolioam
321 2851 565 2914 Benedictionem
574 2851 766 2915 Fraternitati
776 2858 837 2913 taraa
846 2857 1038 2932 peramanter
1049 2851 1248 2930 impertimur.

102 2951 216 3010 Dotem
235 2951 332 3012 Romoe
342 2993 350 3022 ,
360 2956 433 3026 ete,
450 2949 500 3009 die
517 2961 552 3008 te
567 2949 734 3008 abramne
752 2959 840 3023 1770,
853 2951 1046 3024 pontificatus
1060 2951 1157 3006 nostri
1171 2965 1250 3005 anno

99 3047 239 3108 secando.

586 3133 759 3145 .-..-—----
826 3145 829 3148 ¹

617 3228 728 3297 CXlV.

505 3374 699 3419 venenantur
724 3374 836 3416 ruam

283 3456 477 3558 iolcurno
497 3473 803 3534 monrmrsooro
822 3470 1058 3542 romanon,
1138 3507 1141 3510 -

411 3590 502 3640 REGIS
518 3591 690 3640 carnotim
705 3589 930 3649 CONFESSARIO,

376 3685 638 3765 CLEMENS
679 3687 813 3762 PAPA
846 3682 962 3763 XIV.

786 3831 886 3887 Roma,
904 3833 932 3876 t'5
948 3828 1084 3877 novembris
1099 3832 1166 3879 1770.

142 3899 351 4001 Venerabilis,
367 3926 423 3981 ete.
440 3919 639 3981 oxomensem
653 3917 806 3981 dioeccsim
816 3919 848 3979 in
861 3918 1058 3999 quaSenotus
1069 3918 1243 3981 Dominieus

94 4013 212 4076 Ordinis
233 4014 468 4078 Praedieatorum
485 4012 640 4092 fundator,
664 4021 695 4076 et
718 4013 898 4077 sanctissimi
921 4016 1037 4079 Roserii
1058 4015 1243 4102 recitationis

93 4113 247 4176 institutor
267 4122 356 4178 natus
376 4121 439 4191 est,
454 4131 490 4176 ao
501 4112 532 4174 in
544 4113 632 4193 cnjus
643 4114 738 4175 etiam
752 4113 915 4176 cathedrali
932 4115 1060 4177 ecclesia
1073 4114 1241 4176 canonicus
1334 4163 1337 4173 .

92 4209 208 4289 extitit,
222 4230 367 4275 exemere
380 4211 531 4274 voluimus
550 4210 696 4274 beneficio
713 4211 904 4293 apostoliea,
918 4213 1079 4276 ut'scilicet
1096 4211 1241 4293 imposte-

91 4327 164 4384 rum,
175 4309 310 4390 atumem
323 4311 440 4374 Rosarii
459 4310 569 4374 festum
584 4311 696 4374 ibidem
714 4311 771 4374 sub
791 4311 862 4375 Ritu
880 4311 992 4394 duplici
1012 4310 1118 4392 primae
1134 4311 1240 4374 elassis

90 4407 236 4469 celebrari
251 4416 367 4489 posset,
378 4415 472 4492 'atque
485 4408 597 4472 ideirco
608 4409 724 4470 litteras
739 4407 770 4469 in
782 4407 880 4471 torma
893 4409 997 4475 Brevis
1009 4408 1140 4490 expediri
1155 4428 1239 4485 man-

91 4505 245 4587 desimus,
261 4524 336 4588 quas
351 4503 432 4570 nunc'
444 4508 526 4572 bisce
540 4507 651 4571 nostris
668 4507 860 4588 conjunctas,
873 4507 1057 4597 Venerabilis
1069 4510 1184 4590 Frater,
1200 4507 1239 4592 ad
1304 4516 1306 4520 “
