3188 5414
471 553 655 607 Eetstou
673 552 717 606 t]
736 552 867 605 altem
885 552 1116 606 §tumtun
1317 564 1367 610 ml

227 658 258 718 in
273 657 330 718 bac
339 656 553 735 jucundissima
566 658 746 737 cogitatione
758 675 912 731 essemus,
926 667 958 716 et
971 675 1083 718 noram
1093 658 1171 717 banc
1191 661 1366 738 preclaram

226 753 346 816 laudem
357 753 508 814 Borbonio
518 755 648 831 nomini,
662 773 699 816 ac
709 754 873 835 preserfim
884 754 1039 816 mrusimo
1051 755 1084 815 in
1096 754 1213 815 Gnisto
1228 755 1292 817 filio
1303 759 1368 818 lu-

226 852 334 913 dovico
353 854 538 914 Francorum
559 853 623 933 regi
641 852 894 915 ffiristianismno
909 852 1056 914 accedne
1071 854 1254 915 htmflnm.
1267 854 1317 915 dle
1327 873 1365 914 ex

225 949 370 1030 Hispania
379 950 507 1012 nundus
517 950 1366 1032 patmuumanimumnostrumadalismllorbouititem

224 1046 321 1126 gentis
330 1045 512 1126 felicitatem,
522 1048 926 1135 etuberrimamllpbisinde
935 1047 1367 1128 perbrrmdambtitismcon

226 1142 325 1204 vertit.
344 1145 485 1206 Summas
506 1152 598 1225 atque
616 1145 803 1206 immortales
819 1145 973 1226 extemplo
983 1162 1089 1225 regum
1102 1145 1187 1223 Regi,
1208 1163 1245 1205 ac
1255 1163 1367 1224 regno-

226 1259 295 1302 rum
308 1241 482 1321 largitoriet
492 1243 697 1305 conservatori
708 1245 772 1304 Deo
783 1242 896 1322 gratias
905 1243 1115 1322 persoltimm,
1126 1243 1215 1319 cnjus
1224 1241 1366 1320 emulari

224 1345 256 1400 et
268 1340 479 1402 communibus
503 1341 590 1420 rotis]
595 1340 717 1420 iamdiu
734 1341 895 1422 implorato
911 1341 1057 1402 benefitio
1072 1339 1293 1421 pulcherrimas
1310 1341 1367 1401 bas

224 1435 326 1515 gaudii
339 1456 447 1500 causas
456 1436 550 1500 Nobis
562 1455 628 1499 esse
642 1435 731 1498 datas
743 1436 891 1498 ridemus.
907 1438 1005 1510 Οιιιιιι
1022 1437 1124 1497 multae
1133 1435 1215 1496 euim
1232 1435 1365 1511 luerunt,

223 1551 315 1613 φιιιιιι
327 1533 452 1596 assidue
464 1540 572 1595 nostre
584 1539 616 1595 et
628 1531 770 1595 catholici
782 1533 862 1612 regis
869 1539 1028 1613 propterea
1042 1531 1116 1594 fusa
1127 1530 1168 1592 ad
1180 1533 1278 1593 berun
1293 1551 1367 1613 pre-

225 1648 276 1692 ces
293 1655 301 1692 ε
318 1630 1011 1712 qrmvoteetinllispanieregnis,etinbujus
1026 1629 1110 1691 mbis
1126 1632 1367 1711 nosnetemplis

223 1730 383 1809 suscepta!
396 1727 1365 1811 Nospotissimumnostramhauessancturumllncdecimdpos-

223 1825 358 1887 telorum
370 1825 526 1887 basilicam
535 1825 612 1887 lesio
624 1825 705 1887 beati
716 1824 839 1906 losepbi
856 1845 875 1886 a
893 1826 1055 1907 (brpmtino
1064 1826 1132 1904 die,
1147 1847 1239 1908 quem
1257 1831 1365 1891 natalis
1485 1860 1489 1866 ·

221 1921 310 2002 pueri
321 1921 386 1984 dies
396 1923 498 1985 statim
510 1929 558 1984 est
567 1929 764 1998 consecutus,
779 1921 944 2001 adivimus,
956 1922 1057 2004 ibique
1067 1943 1087 1984 a
1098 1922 1261 2005 Seraphim
1276 1928 1365 1986 Patre

223 2019 315 2081 beato
324 2019 496 2093 Franciseo‚
513 2037 633 2100 unaque
643 2038 663 2082 a
673 2019 765 2081 beato
780 2018 915 2099 losepbo
923 2063 933 2096 ,
942 2037 1073 2099 quorum
1083 2038 1213 2100 presens
1222 2038 1294 2101 erga
1305 2022 1367 2082 Nos

223 2114 306 2197 apud
314 2117 411 2179 Deum
423 2113 623 2196 patrocinium
631 2133 751 2196 semper
760 2113 875 2196 experti
889 2132 1006 2192 snmus,
1018 2121 1051 2176 ut
1063 2114 1168 2178 adesse
1178 2116 1271 2178 Nobis
1282 2123 1365 2178 taum

224 2213 255 2275 in
278 2213 461 2292 reqvellent,
475 2213 562 2275 enixe
584 2211 799 2294 flagitavimus,
812 2208 913 2292 eisque
926 2229 1017 2292 porro
1036 2211 1104 2293 opis
1124 2211 1217 2274 Nobis
1229 2213 1366 2294 praestitae

222 2328 373 2374 memores
384 2328 455 2372 cum
465 2309 561 2372 festus
569 2308 649 2371 beati
663 2306 814 2370 Francisci
832 2313 969 2388 ageretur
985 2306 1068 2386 dies,
1083 2308 1114 2370 in
1123 2308 1286 2391 Seraphim
1299 2311 1365 2391 ejus

223 2407 354 2469 nominis
365 2413 455 2489 atque
474 2405 588 2469 ordinis
598 2405 742 2484 Basilica,
755 2422 926 2487 magnaque
944 2403 1102 2468 hominum
1114 2405 1284 2489 frequentia
1297 2425 1365 2488 gra·

223 2504 372 2567 tissimum
396 2504 532 2567 animum
553 2511 690 2566 nostrum
717 2503 838 2585 publice
862 2511 897 2566 ut
921 2503 1096 2582 debuimus,
1123 2507 1221 2567 testati
1245 2526 1360 2568 sumus.

222 2603 317 2677 Quem
338 2601 427 2682 igitur
441 2604 521 2673 Deus
536 2600 673 2683 Optimus
687 2600 837 2663 Maximus
850 2600 1019 2682 impertitus
1034 2599 1129 2663 Nobis
1141 2607 1188 2663 est
1198 2608 1289 2683 atque
1302 2604 1364 2665 Ee-

221 2698 320 2760 clesiae
330 2697 559 2760 dilectissimum
575 2696 607 2758 in
618 2695 736 2758 Christo
753 2697 867 2775 libum,
878 2697 941 2779 regi
952 2704 1106 2779 nepotem,
1119 2699 1271 2780 Ηίεριιιιὶω
1282 2701 1362 2762 deli-

221 2793 304 2871 cias,
319 2812 355 2855 ac
368 2812 453 2874 spem
465 2810 614 2854 mansure
631 2791 801 2870 felicitatis,
820 2792 950 2854 eundem
969 2800 1137 2855 servarent
1159 2796 1278 2856 salvum
1293 2797 1364 2858 item

222 2910 258 2952 ac
267 2890 451 2951 incolumem
461 2887 544 2965 velit,
559 2894 648 2967 atque
657 2887 688 2948 in
700 2887 751 2949 illo
763 2887 864 2966 avite,
875 2894 906 2948 et
916 2894 1047 2968 paternae
1056 2887 1192 2969 pietatis,
1204 2891 1363 2970 requitatis,

224 2985 409 3064 clementie,
439 2990 675 3063 ceterarumque
697 2981 848 3064 regiarum
876 2984 1021 3046 virtutum
1044 2986 1182 3066 exempla
1203 3004 1364 3068 renovare,

222 3083 348 3149 omnino
360 3081 551 3148 confidimus.
563 3082 626 3145 Nos
635 3087 734 3159 certe,
753 3087 901 3163 quantum
917 3080 1017 3143 studio
1031 3088 1062 3142 et
1077 3081 1231 3162 pontificia
1242 3085 1366 3147 caritate

221 3184 334 3248 conniti
355 3191 386 3246 et
404 3181 584 3246 contendere
600 3198 779 3263 possumus,
801 3184 835 3240 ut
856 3177 1006 3240 maximus
1025 3177 1077 3239 hic
1096 3179 1236 3242 cumulus
1258 3180 1365 3245 divinis

219 3280 371 3345 beneficiis
385 3281 577 3362 adjungatur,
588 3275 778 3361 deprecando
798 3273 1043 3356 obsecrandoque
1057 3275 1276 3356 prestabimus.
1300 3280 1365 3354 Qua

219 3385 341 3461 propter
352 3381 414 3441 beo
432 3375 633 3458 omnipotenti
656 3371 906 3438 commendamus
918 3372 1071 3454 egregium
1081 3391 1210 3455 puerum
1224 3377 1364 3440 Gerulum

221 3476 405 3536 Clementem
418 3493 436 3536 a
448 3474 542 3537 Nobis
563 3492 625 3536 una
644 3489 715 3535 cum
739 3469 888 3533 catholico
899 3487 969 3550 rege
988 3469 1020 3531 in
1033 3489 1119 3532 sacra
1138 3474 1364 3552 regeneratione

219 3577 411 3652 susceptum,
438 3577 528 3652 atque
553 3569 666 3631 idcirco
690 3575 848 3647 tamquam
871 3583 984 3627 novum
1005 3573 1095 3648 atque
1116 3567 1231 3630 illustre
1252 3572 1362 3631 summi

219 3669 298 3730 inter
308 3668 369 3728 Nos
378 3666 489 3728 amoris
503 3685 539 3728 ac
554 3663 782 3727 necessitudinis
794 3663 901 3745 pignus
921 3661 1057 3725 futurum
1073 3687 1080 3726 ε
1097 3665 1275 3728 Beatissimo
1290 3668 1363 3728 item

218 3768 325 3840 Petro,
342 3763 430 3843 cujus
444 3762 640 3843 apostolicam
654 3762 830 3843 dignitatem
849 3760 880 3821 in
893 3759 1068 3823 infirmitate
1083 3769 1187 3825 nostra
1200 3763 1364 3825 retinemus

218 3863 327 3943 cuique
349 3860 462 3924 idcirco
492 3859 591 3922 studia
610 3860 720 3921 Nostra
748 3857 959 3940 acceptissima
980 3857 1044 3919 lore
1064 3858 1191 3939 scimuS,
1217 3860 1363 3922 tuendum

217 3958 346 4021 eundem
366 3964 397 4020 et
421 3956 652 4021 custodiendum
675 3954 833 4018 tradimus.
857 3958 955 4038 Atque
977 3954 1041 4017 hec
1055 3957 1154 4035 vobis,
1170 3957 1363 4020 Venerabiles

217 4059 355 4134 Fratres,
372 4053 625 4119 communicanda
637 4072 703 4116 esse
719 4053 873 4132 duximus,
888 4042 921 4115 ut
933 4072 989 4137 pro
1004 4073 1058 4134 ea,
1077 4073 1170 4136 quam
1183 4057 1214 4118 in
1229 4056 1363 4119 Ecclesia

218 4151 336 4214 habetis
348 4160 453 4232 perte,
466 4159 537 4213 vota
550 4157 650 4213 vestra
668 4150 826 4213 nobiscum
843 4151 1050 4232 conjungatis,
1066 4160 1097 4214 et
1115 4152 1244 4233 publicis
1255 4153 1361 4215 laetttiae

217 4247 485 4329 significationibus
499 4249 657 4319 declaretis
670 4249 841 4328 animorum
861 4256 1030 4313 vestrorum
1046 4270 1152 4313 sensus
1167 4251 1197 4311 in
1217 4249 1263 4312 bis
1276 4250 1361 4313 scus-

215 4346 338 4409 tissimis
357 4345 443 4426 regie
462 4345 618 4409 Catholicae
631 4348 744 4422 Domm
760 4347 969 4427 incrementis,
990 4349 1149 4430 inquibus
1168 4348 1299 4412 maxima
1316 4353 1358 4412 rei

216 4445 399 4520 christiana,
418 4449 506 4523 etque
517 4443 606 4524 hujus
624 4445 801 4525 Apostolicae
813 4440 897 4508 Sedis
908 4447 1043 4528 presidia
1055 4453 1086 4510 et
1098 4457 1275 4511 ornamenta
1288 4467 1360 4510 con-

216 4543 301 4604 tineri
316 4540 504 4622 cognoscitis.
943 4571 945 4578 v
