3188 5414
346 484 399 534 ‘272
778 479 978 538 CLEMENTIS
996 482 1060 536 XlV

346 586 424 645 lianc
436 603 520 664 spem
533 582 725 662 ingredimur,
738 591 850 664 quanto
864 592 893 645 te
907 586 1003 665 magis
1015 586 1053 646 ab
1065 584 1121 646 illis
1136 590 1166 646 et
1177 586 1217 646 ob
1227 572 1498 666 necessitudinem,

345 690 376 745 et
389 683 429 744 ob
444 682 541 762 regias
561 681 686 745 virtutes
698 688 767 745 tuas
784 681 865 761 diligi
886 683 1096 765 perspicimus.
1112 685 1182 746 llaec
1197 667 1263 764 ipsa
1280 684 1375 746 etiam
1395 683 1499 746 officia

344 781 407 842 fore
419 781 465 841 vel
478 779 589 841 idcirco
609 779 647 841 iis
655 779 872 858 jucundissima
885 781 957 842 certi
973 800 1093 858 sumus,
1106 781 1188 862 quod
1202 786 1260 843 tua
1270 780 1370 842 laudis
1382 800 1420 843 ex
1436 782 1500 843 bu-

340 876 473 955 jusmodi
486 876 605 956 egregio
620 876 700 937 facto
713 877 853 957 profecte
864 877 923 939 sint
931 924 939 955 ,
954 877 1128 959 percupidi3
1146 877 1275 960 proinde
1292 878 1496 943 libentissimo

343 972 444 1033 animo
458 990 653 1034 consensuros
668 967 745 1034 inter
767 991 798 1035 se
814 979 957 1054 putamus
973 981 1006 1035 ut
1027 973 1185 1051 nimirum,
1201 972 1282 1036 unde
1300 973 1496 1038 simultatum

342 1069 460 1131 occasio
477 1069 623 1147 extiterit,
639 1069 707 1130 iude
720 1070 887 1132 concordiae
898 1071 989 1132 etiarn
1003 1071 1088 1134 initia
1109 1090 1126 1132 a
1144 1079 1195 1132 tua
1220 1071 1363 1152 singulari
1381 1072 1495 1135 virtute

341 1167 471 1228 deducta
485 1166 621 1228 existant.
635 1169 695 1229 Nos
716 1169 851 1250 profecto
871 1189 907 1232 ea
920 1189 985 1232 esse
1005 1177 1057 1234 tua
1079 1171 1109 1233 in
1127 1173 1268 1234 Sanctam
1282 1172 1363 1234 hanc
1380 1173 1493 1236 Sedem

280 1306 287 1314 -
341 1266 447 1328 merita
458 1266 598 1344 latemur,
614 1273 649 1328 ut
658 1268 842 1348 gratlssimas
858 1269 989 1333 babituri
1003 1273 1097 1335 simus
1109 1273 1351 1355 opportunitates
1365 1292 1492 1354 omnes,

340 1358 448 1444 quibus
461 1364 514 1425 tibi
529 1364 685 1442 singularis
694 1371 828 1445 paternae
837 1374 944 1430 nostrae
962 1369 1093 1433 caritatis
1107 1386 1228 1451 sensum
1238 1364 1490 1452 comprobemus.

340 1464 461 1525 Interim
473 1467 567 1525 Deum
581 1465 733 1544 Optimum
749 1465 913 1529 Maximum
926 1485 1096 1547 precamur,
1113 1475 1147 1530 ut
1160 1477 1221 1530 sura
1231 1469 1337 1548 gratiae
1349 1468 1494 1549 benigni-

339 1567 400 1622 tate
414 1561 538 1622 virtutes
551 1567 616 1623 tuas
626 1561 721 1642 magis
731 1561 833 1623 indies
846 1569 1065 1645 augeat,teque
1076 1583 1152 1627 verae
1163 1564 1326 1643 felicitatis,
1335 1573 1366 1627 et
1375 1565 1491 1646 gloria,

339 1675 405 1735 quae
418 1676 574 1738 nunquam
587 1657 740 1721 defectura
751 1658 801 1737 sit,
810 1667 981 1741 compotem
994 1661 1109 1725 reddat.
1121 1665 1155 1724 ln
1168 1663 1255 1741 cujus
1268 1663 1444 1743 auspicium
1457 1684 1491 1726 ac

337 1754 445 1834 pignus
466 1757 661 1836 apostolicam
678 1756 917 1820 benedictionem
936 1758 1008 1836 tibi,
1032 1759 1220 1822 dilectissime
1243 1760 1274 1821 iu
1302 1760 1427 1823 Christo
1450 1752 1502 1823 lili

338 1865 449 1932 noster,
465 1864 583 1936 tuaeque
601 1855 850 1938 prestantissima
864 1855 1002 1936 conjugi,
1024 1863 1180 1938 vestroque
1197 1875 1302 1919 recens
1314 1863 1391 1919 nato
1411 1858 1488 1935 lilio,

339 1969 374 2012 ac
387 1952 529 2014 universae
540 1958 598 2014 tuae
606 1952 706 2032 Regia
714 1951 822 2015 Domui
830 1951 936 2015 intimo
945 1952 1061 2034 paterni
1072 1952 1170 2017 cordis
1179 1970 1270 2017 seusu
1280 1953 1490 2017 amantissime

337 2047 535 2130 impertimur.
552 2052 665 2113 Datum
683 2052 802 2123 Roma,
815 2059 884 2120 etc,
904 2052 953 2112 die
966 2053 1098 2113 secundo
1112 2052 1276 2113 decembris
1294 2064 1393 2130 1773,
1417 2071 1491 2130 poo-

338 2150 469 2223 restratus
484 2154 580 2210 nostri
595 2153 804 2227 aoaoquiato.

837 2376 971 2464 ccxu.

596 2529 762 2573 canissruo
785 2530 820 2570 ru
843 2530 977 2572 cnarsro
1000 2530 1083 2572 rimo
1105 2528 1226 2573 uosruo

423 2638 590 2700 JOSEPHO
611 2639 652 2697 IN
669 2637 921 2708 ROMANORUM
942 2635 1225 2699 IMPERATOREM
1246 2631 1402 2699 ELECTO

643 2763 878 2843 CLEMENS
904 2765 1030 2842 PAPA
1060 2757 1166 2839 XIV.

899 2893 901 2898 ¹
991 2912 1136 2974 nomenis
1152 2901 1410 2962 concrematarum.

378 3029 554 3098 acerrime,
578 3033 635 3087 etc.
656 3023 735 3086 Nihil
759 3023 797 3085 ad
816 3023 1005 3106 Maiestatem
1016 3024 1113 3084 Tuam
1135 3021 1365 3100 angustamque
1394 3020 1491 3084 Nobis

335 3121 519 3183 carissimam
530 3124 660 3183 Domum
674 3120 821 3202 pertinere
832 3120 894 3181 ullo
905 3119 996 3180 modo
1013 3123 1129 3199 potest,
1143 3114 1226 3197 quod
1236 3120 1401 3196 paternum
1416 3113 1490 3178 ani·
1569 3154 1572 3159 ·

335 3237 419 3278 mum
433 3226 569 3280 nostrum
584 3217 725 3298 singulari
739 3217 792 3278 tibi
806 3216 905 3279 studio
921 3213 1201 3294 conjunctissimum
1212 3230 1274 3275 non
1289 3212 1486 3275 vehementer

335 3313 452 3376 alliciat-
460 3333 496 3376 ac
509 3315 661 3396 percellat.
677 3313 776 3376 Facile
788 3312 915 3395 proinde
923 3319 1010 3393 potes
1027 3329 1223 3392 cognoscere,
1238 3315 1352 3391 quanto
1372 3307 1484 3372 dolore

335 3411 465 3493 acceptis
477 3411 584 3473 litteris
604 3410 664 3472 tuis
681 3408 809 3491 perculsi
828 3407 990 3486 fuerimus,
1013 3408 1123 3489 quibus
1142 3406 1263 3486 lugubri
1284 3423 1356 3468 sane
1379 3403 1485 3466 officio

334 3508 536 3571 tristissimum
556 3507 681 3570 nuncies
700 3505 792 3569 Nobis
805 3505 923 3567 obitum
942 3504 1140 3567 dilectissimae
1153 3503 1183 3565 iu
1201 3503 1318 3564 Christo
1330 3499 1402 3564 filia
1414 3519 1487 3564 nos-

333 3615 386 3670 trae
398 3609 493 3670 Annae
503 3606 645 3669 Carolina
658 3605 757 3669 amitae
767 3611 837 3668 tuae.
859 3607 955 3680 Quam
964 3606 1026 3667 Nos
1034 3610 1151 3687 partem
1160 3605 1205 3666 tui
1213 3603 1305 3683 hujus
1315 3603 1420 3666 luctus
1429 3623 1487 3685 pro

333 3711 458 3788 paterna
466 3709 570 3767 nostra
579 3710 679 3766 tecum
687 3702 905 3766 necessitudine
916 3703 984 3782 jure
998 3709 1139 3784 capturos
1146 3699 1322 3764 existimasti
1326 3701 1487 3779 ,eamdem

333 3801 568 3865 cumulatissime
578 3801 731 3883 cepimus,
744 3815 780 3862 ac
790 3805 951 3882 propterea
964 3819 1019 3881 pro
1031 3800 1098 3877 illa,
1113 3817 1206 3881 quam
1218 3798 1357 3861 declaras¹
1372 3797 1413 3860 de
1422 3797 1486 3860 bu·

330 3901 462 3981 jusmodi
484 3905 587 3963 nostra
604 3899 714 3980 pietate
737 3897 849 3960 fiducia
870 3897 1028 3978 obsequuti
1049 3896 1150 3960 statim
1169 3914 1231 3957 non
1251 3893 1353 3956 minus
1373 3899 1486 3955 nostra

332 3997 477 4061 voluntati
486 4014 601 4073 sumus,
610 4014 701 4076 quam
713 4001 771 4056 tua
783 3999 872 4074 atque
881 3993 921 4054 ad
931 3993 1114 4056 exorandam
1123 3992 1175 4055 Dei
1185 3993 1220 4053 0.
1231 3993 1273 4054 Μ.
1286 3989 1486 4053 clementiam

309 4168 311 4173 .
332 4116 387 4177 pro
396 4096 542 4159 defuncte
549 4092 734 4174 Principissa
743 4090 904 4153 immortali
913 4089 1215 4171 requiecogitatioues
1223 4095 1342 4152 nostras
1350 4096 1485 4151 conver-

333 4194 434 4257 timus.
450 4191 547 4256 Leniri
562 4190 779 4272 aliquantulum
789 4207 877 4270 posse
891 4207 1083 4250 communem
1093 4189 1175 4251 bunc
1190 4187 1326 4251 dolorem
1338 4193 1486 4250 nostrum

218 4364 222 4372 ¹
332 4291 518 4372 putavimus,
533 4289 558 4353 si
572 4307 633 4352 una
645 4294 676 4350 et
688 4287 720 4350 in
735 4287 867 4350 divinam
877 4285 1129 4366 misericordiam,
1141 4291 1172 4348 et
1184 4284 1215 4349 in
1228 4281 1308 4347 illius
1318 4301 1423 4348 mores
1443 4283 1497 4351 ad

332 4386 498 4451 christiana
510 4385 660 4468 religionis
670 4385 806 4449 instituta
816 4383 998 4465 compositos
1015 4383 1210 4474 intueremur.
1221 4380 1375 4445 Accedere
1388 4400 1489 4471 porro·

326 4483 424 4545 etium
440 4483 529 4548 debet
540 4485 667 4547 mirifica
677 4485 728 4547 illa
737 4503 773 4546 ex
782 4483 883 4545 divina
896 4483 955 4544 lide
966 4482 1073 4543 hausta
1086 4481 1270 4560 consolatio,
1286 4489 1321 4543 ut
1333 4480 1488 4567 nimirum¹
