3188 5414
470 502 650 556 EPISTOLAE
669 504 714 557 ET
733 505 868 560 BREVIA
887 506 1120 562 SELECTIORA.
1318 516 1369 565 227

222 604 312 665 nibus
329 592 447 684 pietatis
468 612 497 664 et
517 605 683 668 christiane
699 606 818 669 virtutis
840 607 947 670 officiis
967 609 1105 671 demeriti
1132 610 1264 692 fueritis,
1281 616 1319 674 ab
1334 635 1369 676 ea

223 720 284 762 nna
310 699 499 782 potissimum
517 703 690 781 hujusmodi
716 706 896 767 beneficium
912 708 1085 787 expectetis.
1108 708 1194 782 Quod
1216 717 1248 769 nt
1272 713 1370 791 aptius

223 821 259 862 ac
280 801 380 863 dlvino
399 801 587 882 impetrando
605 803 743 884 prasidio
756 803 1015 866 accommodatius
1025 805 1143 866 efficere
1157 807 1278 886 possids
1291 853 1300 883 ,
1313 827 1370 868 coe-

221 899 340 960 lestium
355 916 515 960 munerum
530 900 703 980 auspicem,
719 908 751 962 et
763 909 872 962 nostrae
882 900 1098 966 benevolentiae
1120 911 1228 967 testem
1245 915 1370 987 aposto-

220 996 310 1057 licam
333 996 575 1060 benedictionem
592 998 806 1062 Nobilitatibus
829 1002 936 1064 vestris
956 1009 1148 1083 peramanter
1168 1004 1367 1087 impertimur.

220 1095 334 1154 Datum
345 1095 446 1155 Rome
473 1095 636 1156 clamere
648 1099 758 1174 oprtta's
773 1109 860 1175 1772,
871 1103 1065 1178 pontificatue
1075 1109 1170 1163 nostri
1180 1122 1259 1164 enno
1269 1110 1368 1166 tereto.

707 1211 890 1222 1——

737 1310 845 1380 CCIII.

628 1459 819 1500 venandum
841 1426 954 1500 FRATRI

417 1546 613 1606 nnrouro
637 1547 993 1608 aucarumscoro
1019 1549 1169 1608 corno

526 1650 760 1770 CLEMENS
787 1653 915 1727 PAPA
943 1651 1052 1728 XIV.
1146 1671 1148 1677 ⁴

975 1785 1072 1842 Romae,
1087 1789 1116 1836 29
1125 1785 1207 1847 aprina
1219 1791 1287 1835 1772.

263 1867 460 1938 Venerobtlts,
477 1874 531 1928 etc.
549 1869 687 1929 Postulas
713 1889 730 1928 a
757 1869 866 1944 Nobis,
892 1870 1079 1931 Venerabilis
1097 1873 1213 1949 Frater,
1234 1880 1278 1950 ut,
1297 1891 1367 1935 cum

218 1962 359 2023 valetudo
369 1969 423 2024 tua
436 1963 519 2024 eibos
532 1963 637 2043 ieiunii
650 1963 714 2044 lege
724 1965 912 2046 prescriptos
921 1964 998 2026 ferre
1008 1983 1070 2026 non
1079 1966 1189 2047 possit,
1203 1970 1368 2047 apostolica

218 2060 274 2121 tibi
289 2059 466 2135 auctoritate
483 2058 700 2136 concedamus,
723 2065 757 2120 ut
770 2056 807 2120 iis
820 2059 1023 2139 temporibus,
1039 2060 1148 2140 quibus
1164 2060 1315 2138 jejunium
1329 2065 1368 2123 ab

218 2157 352 2219 Ecclesia
374 2157 545 2224 institutum
561 2162 631 2233 est,
656 2156 789 2218 salubres
814 2155 1000 2216 comedendo
1024 2172 1131 2216 carnes
1153 2163 1211 2217 tuae
1234 2160 1368 2240 corporis

217 2253 316 2314 affecti
333 2252 528 2314 imbecillitati
543 2254 698 2314 consulere
712 2254 823 2314 valeas.
839 2253 962 2315 Minime
973 2253 1100 2314 dubium
1113 2253 1207 2315 Nobis
1220 2260 1281 2331 est,
1295 2257 1368 2336 quin

217 2349 256 2410 ad
274 2350 333 2428 hoc
351 2349 538 2430 postulatum
557 2349 640 2429 gravi
663 2349 803 2410 inductus
817 2368 909 2411 causa
929 2349 1104 2426 deveneris,
1121 2351 1364 2432 pastoralemque

216 2463 340 2526 operam
353 2463 389 2506 ao
400 2443 632 2506 sollicitudinem
646 2450 731 2505 tuam
744 2445 817 2505 tanti
829 2444 968 2522 facimus,
982 2453 1016 2506 ut
1027 2445 1197 2507 commissis
1209 2446 1301 2509 etiam
1313 2449 1368 2509 tibi

218 2542 342 2618 ovibus,
355 2559 484 2622 quarum
497 2539 688 2602 incolumitas
701 2540 863 2620 tuamagni
878 2541 1016 2619 interest,
1036 2543 1122 2605 valde
1143 2546 1204 2606 Nos
1221 2565 1258 2607 ea
1271 2551 1369 2628 gratia

216 2640 407 2700 consulturos
427 2656 492 2700 esse
515 2637 732 2698 existimemus.
753 2640 856 2717 ltaque
876 2645 907 2698 et
928 2638 1033 2699 salutis
1055 2647 1112 2701 tuae
1133 2648 1163 2702 et
1186 2645 1367 2725 episcopalis

217 2736 374 2798 ministerii
395 2737 544 2796 rationem
557 2735 703 2796 habentes
717 2735 790 2811 tibi,
806 2735 992 2805 Venerabilis
1004 2737 1120 2813 Frater,
1142 2738 1248 2816 iejunii
1261 2741 1367 2804 diebus
1427 2809 1431 2817 ,

216 2833 382 2894 salubrium
398 2833 536 2893 carnium
557 2851 661 2909 usum,
676 2832 714 2892 de
725 2833 850 2894 consilio
865 2840 966 2894 tamen
983 2840 1013 2894 et
1028 2834 1201 2895 confessarii
1216 2844 1245 2897 et
1259 2839 1368 2900 medici

219 2931 263 2991 tui
278 2949 333 3010 per
345 2930 436 2990 hasce
449 2928 588 2988 informa
602 2926 703 2989 Breuis
715 2929 817 2989 literas
830 2928 986 2990 Pontificia
997 2934 1146 3009 potestate
1166 2933 1369 3012 permittimus

217 3035 247 3089 et
263 3029 462 3108 indulgemus.
475 3026 544 3088 ldeo
557 3044 627 3106 erga
638 3032 668 3087 te
680 3026 782 3088 animo
794 3027 921 3090 facimus
929 3073 937 3104 ,
951 3035 985 3089 ut
996 3027 1161 3109 plurimum
1173 3029 1227 3090 tibi
1238 3037 1367 3111 paternae

215 3124 350 3186 caritatis
363 3129 394 3185 et
403 3123 494 3186 studii
509 3123 643 3185 officium
656 3121 836 3185 deferamus.
853 3124 940 3199 Quod
957 3126 1053 3205 magis
1068 3132 1101 3186 ut
1120 3126 1173 3187 tibi
1187 3130 1368 3207 persuadeas

217 3224 408 3284 vehementer
423 3229 481 3283 ate
494 3222 642 3302 petimus,
658 3227 692 3281 ut
714 3238 870 3302 nunquam
885 3221 938 3283 ulli
959 3222 1177 3302 opportunitati
1199 3224 1295 3302 desis,
1308 3245 1369 3305 qua
1384 3263 1387 3267 -

217 3326 324 3382 nostre
332 3319 387 3381 tibi
400 3316 589 3400 gratificandi
603 3316 761 3399 cupiditati
774 3318 952 3380 satisfacias.
969 3320 1013 3379 Ac
1027 3319 1056 3379 in
1070 3319 1190 3381 uberius
1207 3323 1369 3384 Pontificiar.

217 3415 429 3478 benevolentia
436 3416 545 3497 pignus
559 3414 757 3496 apostoIIcam
768 3414 1009 3477 benedictionem
1022 3415 1088 3492 tibi,
1100 3417 1287 3479 Venerabilis
1298 3421 1369 3479 Fra-

217 3521 274 3590 ter,
289 3519 406 3592 tuaeque
420 3532 498 3574 cure
509 3512 678 3575 commissis
688 3509 809 3592 populis
828 3518 1020 3590 peramanter
1034 3512 1234 3593 impertimur.
1252 3515 1367 3574 Dotem

218 3614 338 3681 dovitae,
353 3618 412 3672 etc.
421 3634 429 3688 ;
444 3612 493 3670 die
510 3621 548 3670 29
562 3611 670 3690 optatis
682 3618 771 3684 1772,
784 3611 973 3686 pontificatus
984 3613 1083 3668 nostri
1097 3611 1176 3670 anno
1187 3614 1284 3672 tertio.
1361 3622 1363 3626 '

694 3721 878 3734 .......—--

733 3815 840 3887 CCIV.

551 3963 750 4033 sancrlssurr
772 3963 891 4005 nonnul
915 3962 1029 4004 NOSTRI

254 4056 508 4126 CLEMENTIS
542 4055 708 4122 DIVINA
743 4055 1056 4123 PROVIDENTIA
1093 4015 1215 4121 PAPAE
1251 4052 1333 4118 XIV

626 4168 946 4270 lurocurte,

291 4302 406 4356 marra
421 4308 455 4356 m
472 4292 678 4357 consrsro'ruo
694 4308 834 4357 sncanro
850 4307 905 4356 mu
920 4307 991 4356 xxu
1007 4306 1089 4356 surm
1104 4296 1281 4356 nuccnxxu

265 4405 446 4465 Venerabile
465 4404 601 4475 Fratres,
617 4411 674 4466 etc.
692 4404 836 4464 Praeclare
856 4402 941 4464 vobIs
960 4408 1030 4463 sunt
1047 4401 1173 4480 cognite
1193 4406 1281 4482 atque
1299 4421 1366 4484 per-

217 4503 334 4580 specte,
344 4499 535 4561 Venerabiles
544 4501 673 4578 Fratres,
685 4498 831 4561 carissimi
843 4499 872 4560 in
881 4499 998 4560 Christo
1006 4497 1058 4559 filii
1067 4496 1158 4558 nostri
1169 4498 1265 4559 Caroli
1274 4500 1367 4560 Ema-

1215 4611 1256 4659 15.
