3188 5414
321 487 354 544 Μ
677 516 681 523 ·
750 490 955 546 CLEMENTlS
972 490 1036 546 xiv

319 593 546 674 Nobismetipsis
559 594 750 655 venementer
763 597 961 674 gratulamur,
976 597 1028 677 qui
1039 615 1058 657 a
1070 602 1132 657 tam
1146 595 1246 656 taneta
1255 595 1472 674 fortunataque

319 710 352 753 re
362 690 744 772 exordientis-pontificatus
754 693 854 754 Nostri
866 694 1000 774 auspicia
1010 693 1159 756 ducimus.
1172 693 1367 754 Gratulamur
1376 691 1470 753 etiam

318 788 356 850 de
369 794 400 850 te
415 787 524 850 dilecto
535 788 597 849 tilio
608 787 700 848 nobili
721 788 787 850 viro
799 791 905 852 Gnrolo
915 790 1074 852 Theodoro
1088 792 1118 852 S.
1135 793 1171 852 R.
1185 793 1216 851 J.
1229 788 1360 870 Principi
1378 788 1472 850 Eleo-

318 887 376 948 tori
401 885 537 947 Palatino
559 883 669 945 inclitas
681 890 741 946 tuae
761 885 871 947 domus
883 887 992 966 capiti,
1011 887 1099 967 eique
1119 886 1233 948 ideirco
1255 886 1388 947 maxime
1408 886 1470 946 ob-

318 983 439 1046 strictos
452 985 513 1045 Nos
528 1000 593 1045 essa
606 982 796 1064 profitemur,
810 985 863 1064 qui
873 1004 930 1065 pro
939 1003 988 1064 ea,
1001 1004 1062 1066 qua
1073 985 1164 1064 viget,
1177 983 1340 1066 sapientia,
1351 1000 1469 1063 proque

317 1096 438 1143 summa
451 1081 482 1142 in
493 1083 589 1142 Deum
610 1080 740 1161 pietate,
761 1100 798 1144 ac
817 1082 974 1144 catholicae
987 1083 1138 1162 religionis
1152 1082 1253 1145 studio
1267 1082 1378 1146 divine
1390 1081 1421 1143 in
1437 1087 1468 1143 ta

195 1190 200 1198 ’
317 1178 445 1259 Spiritus
459 1177 594 1239 atilatum
605 1176 818 1259 deprehendit,
832 1179 921 1257 fovit,
932 1180 1086 1260 provexit,
1104 1197 1213 1260 opem,
1234 1196 1374 1260 operam,
1392 1196 1468 1258 pras

316 1279 393 1342 sidia
410 1279 513 1342 omnia
522 1325 530 1359 ,
546 1285 580 1341 ut
598 1285 628 1341 tc
645 1279 684 1340 ad
698 1279 831 1342 veritatis
844 1280 946 1343 lumen
965 1280 1136 1366 induceret,
1159 1280 1305 1356 contulit,
1319 1285 1351 1341 et
1369 1279 1417 1340 oui
1431 1284 1466 1340 tu

316 1380 509 1443 meritissimo
519 1424 528 1456 ,
549 1377 631 1458 quod
650 1384 806 1459 tamquam
828 1398 846 1441 a
867 1386 967 1441 morte
981 1379 1020 1440 ad
1043 1371 1135 1440 vitam
1148 1384 1307 1440 revocatus
1326 1375 1382 1454 sit,
1395 1383 1465 1458 post

316 1480 423 1555 Deurru
434 1481 595 1555 acceptum
604 1466 794 1536 referendum
805 1493 871 1537 esse
883 1475 1048 1536 arbitraris.
1062 1475 1122 1536 Sed
1131 1475 1180 1537 oui
1191 1474 1336 1556 prolixius
1347 1492 1384 1535 ao
1392 1474 1467 1535 ube·

315 1575 395 1654 rius,
407 1592 500 1655 quam
515 1572 572 1653 ipsi
587 1572 643 1633 tibi
662 1573 858 1652 gratulemur,
871 1572 979 1635 dilecte
992 1573 1034 1635 fili
1051 1573 1159 1635 nobilis
1179 1574 1237 1650 vir,
1257 1573 1289 1634 in
1306 1573 1393 1651 eujus
1410 1589 1468 1633 cor

314 1672 422 1734 divinae
433 1670 535 1752 gratiae
547 1686 649 1741 semen
670 1675 826 1750 tamquam
846 1669 877 1730 in
893 1675 1006 1731 terram
1018 1670 1132 1732 bonam
1146 1669 1273 1747 cecidit,
1289 1687 1326 1732 ao
1344 1687 1395 1731 eos
1409 1687 1466 1730 ex-

315 1768 384 1831 tulit
397 1768 529 1845 fruetus,
546 1767 597 1848 qui
607 1773 726 1829 eternus
739 1767 842 1829 salutis
852 1774 883 1830 et
894 1767 979 1830 initia
991 1775 1093 1830 esseut
1103 1776 1134 1831 et
1145 1769 1291 1849 pignoret
1302 1768 1415 1830 Verum
1424 1769 1466 1829 nd

314 1866 378 1928 haeo
392 1865 647 1943 cumulatissime,
660 1883 727 1945 quae
742 1871 844 1927 tecum
857 1870 1045 1947 peragimus,
1056 1866 1267 1945 gratulationis
1284 1864 1386 1938 officia
1404 1883 1467 1945 pa-

314 1973 406 2025 ternae
415 1963 508 2024 etiam
518 1961 700 2024 hortationis
720 1961 922 2023 accessionem
934 1961 997 2023 lieri
1010 1962 1149 2024 volumus
1157 2007 1166 2039 ,
1181 1981 1243 2042 qua
1256 1963 1386 2023 maxime
1402 1969 1465 2023 ate

314 2059 525 2122 contendimus
537 2077 572 2120 ac
586 2057 774 2137 flagitamuS,
791 2064 825 2118 ut
839 2057 1022 2138 in'susoepta
1034 2058 1192 2119 vocatione
1209 2076 1270 2120 non
1285 2059 1466 2138 solumper-

313 2176 451 2233 maneas,
468 2156 522 2217 sed
536 2162 570 2216 ut
581 2154 720 2215 eamdem
742 2154 834 2214 etiarn
858 2172 1014 2237 nunquam
1028 2154 1196 2236 intercepto
1217 2156 1345 2216 coelestis
1361 2156 1466 2234 gratiae

314 2273 421 2330 cursu,
434 2270 554 2313 morum
564 2251 739 2326 honestate,
755 2249 914 2310 sanctitate
928 2248 1012 2326 vitae,
1024 2269 1059 2312 ao
1073 2251 1218 2316 virtutum
1228 2252 1363 2314 omnium
1375 2253 1465 2315 laude

314 2359 345 2412 et
365 2349 523 2431 splendore
539 2349 731 2428 comprobes.
752 2348 807 2408 Est
828 2347 926 2409 etiam·
941 2349 1034 2412 animi
1054 2352 1099 2413 tui
1119 2350 1295 2432 generisque
1315 2350 1463 2412 nobilitati

313 2448 400 2508 valde
413 2452 667 2521 consentaneum,
681 2444 704 2505 si
724 2443 754 2504 in
767 2445 895 2526 suscepti
908 2444 1000 2508 semel
1010 2448 1127 2511 consilii
1139 2448 1255 2510 ratione
1271 2464 1465 2526 perseverans

314 2545 470 2606 catholice
483 2542 632 2622 religionis
646 2541 1050 2626 tuendaepromoveudaeque
1070 2553 1260 2627 operatuam
1280 2545 1412 2606 declares
1433 2545 1464 2606 iu

314 2642 463 2704 credendo
478 2639 655 2720 agendoque
670 2640 883 2703 constantiam.
900 2643 962 2704 Nos
976 2651 1057 2706 certe
1068 2663 1124 2724 pro
1138 2643 1268 2724 plurimo
1288 2650 1420 2722 paterne
1433 2643 1464 2703 in

311 2748 342 2801 te
354 2740 487 2802 caritatis
500 2738 601 2800 oiilcio
614 2744 794 2818 perpetuum
806 2739 860 2799 tibi
878 2758 895 2800 a
913 2741 1187 2825 misericordiarum}
1201 2745 1288 2820 patre
1302 2759 1356 2820 per
1365 2739 1465 2802 ‘obse-

313 2837 461 2899 crationes
480 2843 599 2900 nostras
619 2836 793 2918 praesidium
806 2837 969 2921 implorare
988 2856 1144 2920 uunquam
1161 2837 1394 2901 intermittemus
1402 2881 1412 2914 ,
1427 2857 1466 2899 ao

312 2937 414 2999 omnia
423 2935 587 3000 Pontinoiae
598 2937 703 3018 gratie
714 2938 885 3001 testimonio
893 2938 1044 3000 nobilitati
1052 2945 1113 3000 tuan
1124 2955 1161 3000 ex
1172 2935 1463 3011 animo-deserentes,

309 3055 408 3115 neque
420 3036 498 3114 ipsa,
511 3036 534 3097 si
548 3035 621 3116 quid
635 3035 755 3097 aNobis
764 3054 840 3116 opus
852 3036 920 3111 erit,
936 3034 1133 3097 libentissime
1143 3033 1366 3109 confirmaturi,
1378 3052 1466 3114 apos-

310 3126 433 3193 tolicam
442 3132 683 3194 benedictionem
694 3150 787 3210 quam
802 3133 855 3191 tibi
869 3133 1019 3210 primum,
1036 3131 1143 3191 dilecte
1161 3131 1204 3190 fili
1218 3130 1327 3190 nobilis
1334 3130 1393 3206 nir,
1407 3151 1466 3209 pe-

253 3286 257 3291 .
310 3222 679 3308 ramauterjmpertimur,
697 3226 837 3305 cupimus
850 3240 916 3284 asse
927 3223 1037 3284 divine
1060 3223 1091 3283 in
1105 3229 1135 3283 te
1149 3223 1341 3302 benignitatis
1359 3229 1467 3305 auspi-

296 3344 397 3402 cem,
410 3330 445 3385 ut
456 3330 502 3386 est
515 3330 626 3385 nostrae
639 3340 675 3383 ao
689 3321 861 3401 apostoliea
874 3320 967 3399 nujus
982 3318 1063 3382 sedis
1075 3319 1233 3400 singularis
1246 3321 1465 3386 benevolentias

312 3426 535 3506 argumentum.
549 3425 661 3484 Dotem
672 3420 790 3497 Romo,
803 3420 936 3499 rto.‚·die
946 3428 968 3481 9
978 3420 1154 3501 septembris
1173 3429 1247 3482 1769
1255 3465 1264 3498 ,
1271 3424 1464 3500 pontificatus

311 3525 402 3584 nostri
417 3523 622 3598 ounoprimo.
1404 3534 1406 3541 ⁴

792 3634 972 3654 m
981 3634 985 3641 '
1036 3646 1039 3651 r

652 3894 889 3947 bttsctumto
911 3895 1022 3940 norim
1043 3895 1117 3939 Vlno
1217 3930 1220 3937 ,

370 4004 373 4016 “
478 3994 630 4070 muoso
648 4008 859 4070 aflaonono
877 4010 971 4072 nuo1
992 4008 1286 4080 susurramus,

424 4124 538 4175 eoum
558 4124 715 4172 ruarmo
735 4110 837 4175 nurui
856 4124 881 4174 s.
904 4124 932 4174 a.
959 4123 982 4172 s.
1008 4124 1151 4174 ruruorrr
1173 4123 1341 4186 rusorum,

618 4230 853 4337 CLEMENS
881 4238 1008 4333 PAPA
1040 4238 1148 4318 XIV.

1011 4402 1111 4454 Romus,
1126 4402 1142 4446 tl
1158 4399 1381 4460 septembriarum.
1406 4347 1420 4363 ⁸
1455 4420 1457 4425 ¹

352 4492 483 4564 bitena,
503 4504 557 4556 etc.
575 4497 618 4556 Ex
633 4514 692 4575 quo
706 4494 743 4555 ad
759 4497 873 4559 Summi
887 4497 1083 4559 Pontilicatus
1094 4495 1269 4575 dignitatem
1284 4493 1378 4558 evecti
1395 4493 1458 4560 luia
