3188 5414
405 489 589 543 EPISTOLAE
607 490 652 542 ET
671 489 804 542 BREVlA
822 487 1052 542 SELEcTtonx.
1270 491 1305 543 35

636 674 829 744 xxxviii,

448 865 590 906 nrtuculs
612 865 707 906 nitus
731 864 896 922 Nontntntts
919 865 1009 906 VIRIS

232 994 412 1054 surisnis
433 995 481 1053 nr
502 995 760 1061 vuxunrrruo
781 996 1023 1055 narrurnxcu
1043 995 1226 1058 nocuusrs

464 1145 697 1224 CLEMENS
725 1148 853 1222 ΡΑΡΑ
880 1147 986 1223 XIV.

828 1340 924 1397 Romae,
941 1345 971 1386 25
987 1335 1124 1386 novembris
1142 1341 1209 1387 1769.

199 1449 320 1518 Dilecti,
334 1453 388 1506 etc.
401 1449 441 1508 Ut
451 1466 489 1507 ex
505 1448 709 1528 superioribus
720 1448 912 1512 nobilitatum
923 1454 1092 1511 vestrarum
1113 1449 1219 1510 litter-is
1231 1468 1304 1529 per-

158 1544 285 1605 moleste
304 1545 505 1606 intelleximus
527 1546 684 1626 repentino
703 1546 788 1608 obitu
808 1553 945 1628 ereptum
960 1565 1025 1608 esse
1041 1546 1127 1607 vobis
1150 1547 1304 1609 venerabi-

157 1643 216 1702 lem
237 1642 361 1704 fratrem
383 1644 531 1704 loannem
556 1644 745 1706 Dominicum
767 1645 917 1707 Mansium
943 1644 1217 1725 archiepiscopum*
1235 1661 1305 1703 ves-

157 1747 251 1816 trum,
263 1758 355 1819 quem
373 1745 482 1818 praeter
499 1739 669 1819 religiosam
680 1742 750 1803 vitae
769 1742 807 1803 ab
822 1743 888 1825 ipso
900 1749 974 1805 actae
983 1743 1131 1805 rationem
1146 1741 1304 1823 singularis

157 1835 301 1899 doctriuae
324 1835 412 1897 laude
431 1837 604 1918 praestitisse
625 1839 827 1916 agnoscimus,
848 1839 890 1901 ita
916 1838 1040 1902 oNobis
1061 1845 1204 1921 percepta
1218 1839 1305 1915 istius

158 1933 324 2012 praesertim
338 1933 479 1995 Ecclesiae
494 1953 586 1995 causa
606 1934 744 1997 molestia
764 1935 863 1997 o'mnis
880 1943 926 1997 est
942 1936 1104 2016 postremis
1123 1935 1230 1997 litteris
1244 1936 1306 1999 ,de-

157 2030 245 2109 pulsa
256 2030 365 2110 quibus
376 2050 465 2094 curas
475 2039 593 2094 nostras
607 2032 645 2093 ad
663 2049 775 2094 novum
788 2032 844 2111 ipsi
857 2031 990 2095 ecclesiae
1003 2029 1228 2114 praeficiendum
1238 2050 1306 2117 pas

158 2135 256 2189 torem
267 2147 425 2191 conversas
446 2128 595 2210 sapientia
614 2136 712 2211 vestra
731 2128 880 2191 sublevari
895 2127 987 2191 laetati
1008 2145 1131 2216 sumus,
1153 2145 1206 2195 eos
1224 2127 1305 2213 apim

98 2259 100 2262 <
158 2224 305 2286 acerrimo
312 2224 426 2304 judicio
439 2232 540 2288 vestro
549 2235 609 2289 tres
624 2227 704 2287 viros
710 2225 881 2307 propositos
892 2225 986 2288 Nobis
994 2225 1033 2287 ad
1039 2224 1232 2304 deligendum
1241 2242 1306 2289 esse

158 2321 308 2399 voluistis,
324 2342 361 2383 cx
382 2324 491 2404 quibus
506 2342 718 2405 quemcunque
730 2325 769 2387 ad
781 2324 1074 2405 archiepiscopatum
1094 2321 1304 2404 eveheremus,

158 2422 230 2502 quin
252 2422 332 2483 idem
346 2422 537 2502 dignissimus
550 2433 645 2503 esset,
661 2415 800 2488 dubitare
819 2423 944 2507 minime
958 2440 1126 2504 possemus.
1142 2421 1228 2495 Quod
1245 2422 1306 2482 llos
1380 2505 1382 2509 Ι

157 2518 279 2599 quidem
289 2538 360 2581 cum
369 2521 643 2602 diligentiaenostrae
652 2521 813 2605 partemin
822 2519 975 2602 tamgravi
984 2517 1260 2600 recomplere'mus,
1271 2537 1307 2581 ac

158 2635 277 2678 summo
291 2618 416 2698 proinde
432 2619 531 2681 studio
547 2621 616 2701 quis
635 2638 742 2682 eorum
757 2619 795 2680 ad
809 2624 928 2703 tantum
941 2615 1167 2698 suscipiendum
1182 2632 1305 2692 munus,

157 2714 297 2776 omnibus
321 2716 377 2778 rite
396 2719 543 2798 expensis,
563 2719 694 2780 maxime
716 2723 906 2799 opportunus
925 2720 1016 2792 esset,
1043 2712 1302 2792 investigaremus,

158 2811 253 2873 multa
261 2830 332 2873 cum
336 2813 527 2891 jucunditate
535 2822 694 2894 vestraque
701 2813 791 2875 laude
801 2811 1009 2891 cognovimus.
1024 2811 1127 2890 Neque
1133 2807 1186 2870 diu
1193 2808 1308 2870 borren-

157 2907 231 2971 dum
242 2907 309 2983 luit,
324 2927 416 2988 quem
425 2911 572 2971 sententia
585 2917 690 2971 nostra
698 2909 924 2990 proferremus,
935 2925 1007 2969 cum
1018 2925 1069 2969 eas
1080 2907 1111 2967 in
1121 2905 1234 2967 dilecto
1245 2906 1307 2970 tilio

158 3003 286 3068 Martino
302 3004 428 3065 Bianchi
447 3005 533 3066 istius
551 3005 733 3080 cathedralis
750 3005 895 3068 canonico
907 3003 1048 3084 theologo
1061 3001 1254 3088 animidotes
1272 3023 1308 3077 ac

157 3098 282 3167 virtutes
292 3100 603 3185 deprehenderemus,
618 3121 686 3184 quae
706 3102 746 3165 ad
766 3101 917 3189 pastorale
936 3119 1013 3163 onus
1028 3099 1308 3181 egregiesustincn-

157 3196 231 3263 dum
246 3198 336 3280 plane
349 3198 436 3262 luctae
454 3219 520 3264 esse
533 3201 717 3263 viderentur.
727 3200 877 3263 Eumdem
891 3199 982 3280 igitur
1002 3199 1033 3264 iu
1047 3196 1308 3280 archiepiscorum

156 3302 288 3358 vestrum
320 3297 514 3377 designamus
540 3304 572 3359 et
597 3297 752 3377 eligimus,
780 3296 863 3376 quod
887 3301 972 3358 tanto
994 3295 1089 3357 etiam
1111 3295 1309 3361 cumulatiore

159 3392 259 3453 animo
272 3392 419 3470 facimus,
435 3391 518 3477 quod
536 3393 710 3475 vosmetipsi
734 3401 839 3457 vestrae
856 3392 983 3475 potioris
1004 3395 1036 3456 in
1054 3410 1126 3455 eum
1146 3393 1309 3457 voluntatis

158 3496 334 3568 argumenta
349 3489 525 3569 praeferatis.
548 3494 627 3555 Dum
646 3490 726 3553 hanc
746 3491 848 3572 itaque
867 3491 1024 3553 vobiscum
1037 3488 1221 3555 electionem
1232 3510 1309 3555 nos-

158 3592 236 3646 tram
248 3586 526 3664 communieamus,
542 3606 578 3650 ao
592 3585 801 3649 nobilitatibus
814 3585 920 3649 vestris
934 3586 1153 3650 desertissima
1166 3587 1307 3670 spetore,

158 3688 192 3742 ut
206 3681 356 3763 optimum
370 3685 545 3764 consequuti
558 3685 622 3747 sitis
634 3691 800 3766 pastorem,
813 3685 1007 3746 vehementer
1020 3684 1176 3770 cupimus,
1191 3690 1225 3747 ut
1238 3685 1309 3765 plu-

158 3776 270 3841 rimum
280 3786 418 3842 nostrum
432 3779 523 3843 fuisse
534 3800 605 3843 cum
616 3779 772 3861 pontificio
783 3779 901 3843 muneri
912 3778 1132 3858 satisfaciendi,
1145 3786 1212 3843 tum
1224 3779 1309 3841 vobis
1381 3816 1385 3820 -

157 3875 250 3938 etiam
260 3874 450 3956 gratificandi
462 3875 596 3941 studium
605 3875 795 3949 existimetis.
806 3874 901 3937 Valde
911 3875 973 3939 Nos
985 3875 1127 3954 delectat,
1136 3874 1219 3956 quod
1231 3875 1310 3937 scri-

156 3971 237 4050 bitis,
250 3973 341 4034 vestri
351 3974 466 4055 agentis
480 3974 581 4039 officio
591 3981 716 4040 austum
732 3966 848 4037 arobis
861 3989 928 4038 esse
942 3970 1086 4036 dilectum
1098 3973 1195 4037 lilium
1203 3971 1310 4043 nomi-

157 4067 260 4131 nicum
275 4069 360 4131 Pauli
376 4089 468 4151 quem
479 4072 541 4133 Nos
559 4091 614 4134 suo
625 4065 734 4143 merito
752 4070 925 4153 diligimus,
938 4064 1088 4151 quemque
1102 4075 1201 4132 vestra
1217 4066 1308 4135 etiam

157 4183 250 4226 causa
261 4184 364 4229 sumus
384 4167 581 4230 libentissime
604 4186 722 4250 semper
745 4166 911 4248 excepturi.
929 4169 969 4230 Ut
983 4167 1033 4230 ille
1047 4186 1103 4250 pro
1122 4184 1177 4230 sua
1194 4164 1254 4229 fide
1272 4185 1309 4231 ac

158 4260 313 4342 diligentia
324 4268 456 4326 vestram
465 4283 536 4349 erga
546 4263 608 4327 Nos
618 4285 653 4328 ac
666 4258 863 4348 apostolicam
876 4263 956 4331 banc
965 4263 1073 4327 Sedem
1084 4262 1308 4335 observantiam

156 4358 393 4422 luculentissime
408 4360 496 4432 nobis
508 4359 671 4424 declaravit
679 4408 688 4440 ,
703 4361 745 4423 ita
758 4367 917 4442 paternam
931 4367 1066 4425 nostram
1080 4358 1111 4420 in
1127 4379 1181 4429 vos
1194 4361 1309 4424 carita-

159 4462 221 4516 tem
234 4455 402 4519 testabitur.
420 4459 453 4518 ln
467 4459 514 4538 cuj
519 4478 553 4520 us
562 4458 772 4530 certissimum
786 4455 896 4538 pignus
909 4456 1106 4539 apostolicam
1118 4456 1308 4536 benedictio-

1175 4569 1200 4617 3.
