3188 5414
224 510 278 562 396
648 505 848 560 CLEMENTIS
866 505 936 561 xlv

221 610 326 671 eadem
338 607 415 670 Petri
426 606 693 685 Cathedra,divina
704 609 880 689 disponente
889 609 1061 685 Clementia,
1073 610 1250 672 constitutis
1259 609 1377 676 eaedem

221 709 323 769 statim
335 706 441 768 oblate
453 711 522 767 sunt
531 723 650 786 praeca,
664 705 837 785 petitiones,
851 713 881 767 et
891 713 976 782 vota,
991 705 1100 784 quibus
1111 724 1167 767 sua
1178 725 1309 788 quoquc
1320 712 1379 770 ad-

220 803 360 864 diderunt
371 801 481 878 studia,
494 801 645 880 animique
656 801 834 862 sententiam
844 801 982 882 Episcopi
994 802 1176 881 complures,
1192 802 1309 884 aliique
1321 807 1375 867 viri
1452 844 1456 858 ·

221 899 383 978 dignitate,
395 899 548 976 doctrina,
563 898 704 977 religione
718 899 882 978 plurimum
895 898 1061 979 conspicui.

256 1007 310 1056 ⁴24.
330 997 370 1056 Ut
381 1002 482 1056 autem
493 994 524 1054 in
536 1011 569 1055 re
580 1000 645 1056 tam
657 994 758 1074 gravi,
773 994 908 1074 tantique
920 995 1064 1056 momenti
1075 995 1261 1058 tutissimum
1278 1017 1376 1078 cape-

220 1113 321 1156 remus
334 1092 508 1171 consilium‚
522 1092 665 1152 diuturno
680 1091 772 1153 Nobis
789 1091 933 1171 temporis
946 1092 1049 1171 spacio
1064 1109 1141 1172 opus
1161 1111 1230 1154 esse
1247 1094 1374 1172 judica-

219 1191 327 1267 vimus,
343 1208 403 1251 uon
415 1189 507 1250 modo
521 1194 554 1250 ut
568 1188 722 1267 diligenter
731 1187 890 1266 inquirere,
902 1186 1049 1249 maturius
1061 1188 1242 1268 expendere,
1258 1197 1290 1251 et
1301 1210 1374 1253 con-

219 1287 378 1349 sultissime
396 1286 561 1347 deliberare
574 1303 747 1365 possemus,
765 1285 974 1345 verumetiam
986 1291 1021 1346 ut
1032 1285 1133 1347 multis
1148 1287 1327 1365 gemitibus,
1342 1298 1372 1349 ct

219 1383 369 1444 continuis
378 1382 517 1462 precibus
529 1381 677 1460 singulare
688 1399 705 1440 a
715 1383 802 1441 Patre
811 1381 961 1442 luminum
967 1399 1198 1461 exposceremus
1209 1385 1368 1462 attritioni,

218 1483 248 1537 et
261 1478 449 1557 praesidium3
462 1494 523 1556 qua
533 1475 625 1536 etiam
634 1476 665 1535 in
676 1493 709 1535 re
720 1475 865 1536 Fidelium
877 1475 1012 1536 omnium
1024 1477 1174 1556 precibuS,
1186 1477 1369 1560 pietatisque

219 1577 360 1657 operibus
374 1578 435 1636 Nos
450 1574 557 1655 saepius
572 1572 652 1653 apud
665 1574 760 1633 Deum
770 1572 869 1649 juvari
888 1572 1069 1633 curavimus.
1085 1575 1273 1636 Perscrutari
1294 1577 1370 1637 inter

220 1681 326 1735 catera
342 1673 509 1751 voluimus,
525 1691 585 1752 quo
603 1671 745 1732 innitatur
758 1670 952 1731 fundamento
966 1676 1128 1750 pervagata
1142 1671 1194 1732 illo
1206 1672 1291 1751 apud
1306 1675 1371 1753 plu-

218 1772 311 1834 rimos
330 1770 449 1852 opinio,
462 1769 646 1848 Religionem
667 1767 778 1829 seilicet
792 1767 973 1828 Clericorum
986 1766 1145 1828 Societatis
1160 1769 1235 1829 lesu
1246 1768 1369 1829 fuissea

219 1869 351 1930 Concilio
366 1867 539 1929 Tridentino
552 1866 677 1928 solemni
694 1864 826 1945 quadam
837 1865 953 1926 ratione
973 1865 1194 1945 approbatam,
1209 1874 1240 1926 et
1253 1868 1370 1927 confir-

217 1975 351 2046 matam3
367 1967 500 2046 nihilque
514 1964 596 2027 aliud
607 1964 644 2025 de
654 1983 690 2026 ea
700 1970 801 2024 aetum
815 1961 905 2023 fuisse
914 1961 1115 2042 comperimus
1129 1961 1160 2022 in
1172 1963 1270 2024 citato
1289 1965 1370 2024 Con-

108 2129 111 2137 ,
217 2065 302 2141 cilio,
318 2082 411 2144 quam
426 2069 460 2126 ut
480 2062 642 2142 agenerali
662 2060 713 2120 illo
733 2059 919 2139 exciperetur
941 2058 1082 2136 decreto,
1104 2058 1223 2139 quode
1245 2061 1369 2141 reliquis

217 2163 403 2240 regularibus
417 2160 575 2222 Ordinibus
589 2166 712 2220 cautum
728 2156 804 2234 fuit,
820 2163 853 2217 ut
863 2156 948 2216 linito
964 2162 1101 2237 tempore
1117 2157 1305 2235 novitiatus,
1321 2178 1371 2219 no

218 2257 281 2317 vitii
299 2259 351 2338 qui
369 2258 468 2319 idonei
491 2255 602 2317 inventi
625 2253 734 2315 fuerint
757 2252 793 2314 ad
815 2251 1017 2332 profitendum
1041 2252 1240 2314 admittantur
1252 2301 1261 2332 ,
1286 2262 1369 2316 auta

218 2353 400 2414 ltlonasterio
414 2352 580 2430 ejiciantur.
596 2349 798 2425 Quamobrem
808 2346 917 2410 eadem
927 2348 1181 2429 sanctasynodus
1200 2351 1298 2428 (Sess.
1318 2363 1366 2429 25,

218 2467 245 2509 e.
263 2458 309 2525 16,
319 2446 357 2507 de
366 2449 505 2528 Regular.
518 2450 528 2524 )
541 2446 703 2508 declaravit
712 2463 744 2506 se
754 2445 833 2507 nolle
845 2444 958 2524 aliquid
971 2445 1113 2506 innovare
1125 2452 1178 2506 aut
1192 2447 1367 2526 prohibere,

217 2546 289 2626 quin
308 2546 452 2627 praedicta
465 2545 568 2624 religio
583 2544 764 2606 Clericorum
776 2544 932 2605 Societatis
952 2548 1040 2624 lesu,
1059 2547 1146 2625 juxta
1158 2547 1247 2627 pium
1262 2568 1369 2611 eorum

217 2646 420 2709 Institutuma
440 2647 549 2706 Sancta
566 2645 641 2706 Sede
666 2644 838 2725 Apostolica
857 2645 1077 2724 approbatum,
1102 2647 1234 2709 Domino
1258 2657 1292 2710 et
1306 2651 1370 2728 ejus

216 2743 354 2806 Ecclesia
368 2742 509 2804 inservire
522 2742 626 2822 possit.

258 2851 306 2900 25.
325 2841 383 2900 Τοι
394 2839 510 2920 itaque,
528 2857 563 2900 ae
573 2844 638 2899 tam
648 2837 821 2899 necessariis
830 2836 971 2900 adhibitis
982 2837 1104 2916 mediis,
1115 2838 1213 2900 Divini
1226 2841 1367 2922 Spiritus,

216 2942 251 2996 ut
266 2934 462 3011 confidimus,
487 2935 580 3014 adjuti
601 2935 776 3016 praesentia,
799 2943 830 2997 et
845 2935 964 3014 atilatu,
984 2955 1102 2999 necnon
1117 2940 1254 3003 muneris
1275 2943 1368 3005 nostri

217 3031 367 3113 compulsi
381 3032 576 3109 necessitate,
599 3051 660 3112 quo
677 3041 708 3094 et
730 3033 769 3098 ad
790 3033 960 3096 Christianae
980 3036 1162 3117 Reipublica
1182 3040 1318 3120 quietem
1338 3052 1369 3103 et

217 3129 462 3210 tranquillitatem
481 3129 718 3207 conciliandam,
745 3130 920 3210 fovendam,
945 3135 1165 3215 roborandam,
1191 3145 1223 3199 et
1247 3139 1287 3200 ad
1316 3141 1368 3201 illa

216 3226 319 3287 omnia
336 3227 454 3305 penitus
465 3226 503 3287 de
515 3226 614 3288 medio
629 3227 778 3306 tollenda,
793 3247 858 3308 quae
875 3229 972 3294 eidem
984 3233 1165 3298 detrimento
1176 3239 1224 3299 vel
1236 3239 1367 3302 minimo

216 3343 281 3385 esse
303 3331 444 3404 possunt,
464 3330 611 3405 quantum
630 3325 708 3386 vires
729 3324 846 3404 sinunt,
868 3329 1032 3392 arctissime
1047 3332 1197 3412 adigimur
1203 3359 1213 3413 3
1232 3354 1369 3417 cumque

216 3431 361 3502 praeterea
383 3421 688 3484 animadverteremus
709 3422 884 3502 predictam
905 3426 1086 3488 Societatem
1105 3430 1178 3490 lesu
1198 3430 1370 3494 uberrimos

100 3507 102 3512 ’
120 3538 124 3544 ·
216 3517 300 3591 illos,
316 3517 575 3600 amplissimosque
588 3518 720 3597 fructus,
731 3526 762 3581 et
771 3520 911 3583 utilitates
926 3522 1033 3585 afferre
1046 3525 1175 3605 amplius
1184 3544 1245 3588 non
1258 3546 1366 3607 posse,

217 3617 256 3679 ad
270 3636 346 3697 quos
359 3616 496 3679 instituta
516 3617 588 3695 fuit,
611 3623 693 3679 atet
712 3616 982 3681 Praedecessoribus
998 3621 1108 3683 nostris
1120 3624 1309 3703 approbata,
1330 3645 1369 3688 ac

216 3713 352 3795 plurimis
366 3720 473 3776 ornata
487 3715 663 3797 privilegiis,
681 3716 741 3778 imo
756 3716 837 3795 lieri,
851 3724 904 3808 aut
915 3718 982 3796 vix,
997 3727 1049 3782 aut
1060 3721 1247 3808 nullomodo
1258 3743 1366 3806 posse,

217 3820 251 3873 ut
264 3832 300 3874 ea
320 3813 464 3875 incolumi
479 3819 618 3874 manente
629 3831 699 3874 vera
712 3833 790 3894 pax,
807 3832 842 3875 ac
856 3814 998 3878 diuturna
1014 3819 1152 3881 Ecclesia
1169 3820 1365 3900 restituatur,

217 3909 264 3971 his
277 3916 435 3991 propterea
453 3910 634 3990 gravissimis
647 3911 769 3974 adducti
783 3912 896 3991 causis,
919 3915 1043 3995 aliisque
1063 3917 1159 3997 pressi
1176 3918 1366 3997 rationibus,

217 4026 295 4087 quas
308 4014 338 4067 et
356 4007 522 4089 prudentie
540 4008 639 4088 leges,
661 4015 691 4072 et
711 4011 859 4092 optimum
874 4012 1055 4076 Universalis
1070 4014 1211 4077 Ecclesia
1228 4017 1367 4096 regimen

216 4105 309 4166 Nobis
320 4105 510 4186 suppeditant
517 4151 526 4183 ,
541 4108 661 4188 altaque
674 4121 775 4173 mente
787 4111 935 4191 repositas
949 4130 1117 4191 servamus,
1131 4113 1266 4193 vestigiis
1276 4114 1369 4179 inhen-

216 4212 316 4290 rentes
326 4204 503 4265 eorumdem
517 4204 771 4268 Predecessorum
782 4214 969 4286 nostrorum,
981 4215 1012 4270 et
1022 4210 1187 4289 prasertim
1200 4215 1367 4274 memorati

215 4303 347 4382 Gregorii
358 4306 395 4365 X.
411 4305 589 4367 Praedeeess.
601 4307 696 4368 nostri
708 4307 738 4368 in
752 4309 883 4388 generali
893 4311 1024 4373 Concilio
1038 4312 1241 4392 Lugdunensi,
1253 4333 1326 4376 cum
1340 4325 1371 4377 et

216 4416 298 4460 nunc
312 4401 349 4463 de
364 4402 512 4464 Societate
531 4411 646 4483 agatur,
661 4412 726 4466 tum
743 4406 871 4466 lnstituti
884 4408 929 4468 sui
938 4454 946 4484 ‚
964 4414 1029 4468 tum
1038 4409 1263 4489 privilegiorum
1273 4412 1370 4473 etiam

218 4515 344 4558 suornm
358 4500 488 4579 ratione,
507 4501 739 4565 Mendicantium
758 4503 901 4569 Ordinum
924 4523 1050 4568 numero
1073 4507 1220 4588 ascripta,
1243 4515 1370 4571 maturo
