3188 5414
480 492 657 548 EPlSTOIAE
676 491 722 550 nl·
740 491 875 548 naevia
893 495 1115 550 salechoaa
1321 498 1376 572 271,

740 670 858 748 CCXL.

460 828 677 872 nruncrissruo
701 831 734 871 ni
757 826 891 871 cenisro
914 830 1000 873 risio
1022 831 1141 872 riosrao

366 923 618 986 FERDINANDO
639 927 760 988 REGIO
781 927 1050 988 HISPANIARUM
1072 927 1232 987 INFANTl

546 1041 781 1120 CLEMENS
799 1043 928 1119 PAPA
941 1042 1047 1118 XIV.

949 1193 1047 1248 Rome,
1061 1193 1075 1237 t
1091 1188 1224 1238 decembris
1239 1193 1306 1239 1773.

263 1291 487 1366 Dilectissimo,
513 1299 568 1351 etc.
590 1288 798 1351 Incredibilem
814 1305 885 1349 sane
905 1287 1037 1349 letitiam
1051 1287 1186 1367 cepimus
1206 1305 1242 1347 ex
1262 1304 1369 1348 aman-

224 1385 344 1447 tissimis
361 1386 467 1447 litteris
479 1384 556 1462 tuis,
578 1385 720 1465 omnique
735 1385 765 1446 in
782 1386 843 1446 Nos
853 1385 975 1460 amoris,
996 1383 1129 1464 pietatis,
1146 1401 1181 1443 ac
1195 1383 1293 1444 tilialis
1310 1383 1369 1443 ob-

223 1482 375 1542 servantie
390 1481 605 1561 significatione
617 1481 805 1562 plenissimis.
817 1482 893 1542 Cum
904 1487 933 1542 te
945 1471 1065 1560 semper
1078 1479 1202 1540 mirilicc
1217 1498 1252 1540 ac
1264 1479 1369 1558 singu-

223 1575 324 1637 lariter
343 1577 552 1653 dilexerimus,
574 1585 700 1658 tuasque
718 1596 776 1639 res.
788 1595 893 1640 omnes
906 1575 1031 1657 perinde
1046 1594 1082 1637 ac
1102 1582 1219 1638 nostras
1240 1582 1368 1656 paterno

224 1687 342 1734 summo
353 1673 452 1734 studio
465 1675 640 1754 prosequuti
652 1692 772 1748 sumus,
782 1673 856 1735 nihil
865 1673 1004 1754 profecto
1015 1670 1149 1733 accidere
1159 1671 1252 1732 Nobis
1261 1672 1368 1752 jncun-

222 1767 289 1829 dius
303 1788 321 1829 a
341 1777 371 1830 tc
384 1771 498 1851 potuit,
513 1788 605 1850 qnam
625 1771 798 1850 hujusmodi
809 1771 905 1833 amori
919 1771 950 1832 in
967 1777 997 1831 te
1010 1777 1115 1832 nostro
1128 1788 1196 1831 eam
1214 1787 1294 1830 nnnc
1306 1789 1324 1831 a
1338 1778 1368 1831 te

222 1864 306 1924 reddi
321 1865 431 1944 vicem,
444 1887 504 1948 qua
515 1870 623 1930 eximia
633 1876 687 1930 tua
698 1870 728 1931 in
740 1871 801 1930 Nos
813 1870 951 1930 voluntas
962 1868 1105 1947 preclare
1117 1865 1273 1945 perspicue
1282 1883 1368 1927 cons-

222 1971 288 2022 tare
300 1971 411 2043 posset.
430 1966 563 2027 Plurima
574 1985 651 2046 sepe
668 1965 892 2045 clarissimaque
903 1965 943 2026 ad
959 1966 1021 2025 Nos
1040 1963 1173 2042 ejusdem
1191 1962 1236 2022 tui
1255 1960 1286 2022 in
1305 1965 1367 2023 Nos

223 2059 314 2120 animi
327 2061 427 2122 delata
440 2071 511 2124 sunt
529 2063 655 2140 indicia,
669 2063 779 2143 quibus
790 2063 886 2142 magis
900 2062 930 2123 in
942 2061 1006 2122 dies
1016 2060 1053 2121 ad
1070 2077 1205 2120 amorem
1217 2059 1276 2136 tui,
1291 2066 1368 2121 tue-

221 2172 281 2233 que
298 2154 417 2234 pietatis
438 2176 474 2219 ac
489 2159 638 2238 religionis
652 2159 772 2220 laudem
788 2159 1031 2220 accenderemus.
1045 2155 1142 2216 Dilata
1153 2155 1245 2216 eliam
1258 2162 1368 2217 nostre

223 2251 262 2311 ad
277 2258 306 2311 te
321 2252 448 2314 invicem
467 2255 633 2333 gaudemus
649 2255 763 2316 eximie
779 2253 917 2328 caritatis¹
931 2253 1120 2331 testimonia,
1133 2254 1180 2314 vel
1197 2270 1268 2313 cnm
1288 2253 1366 2314 lilius

222 2348 274 2407 libi
297 2348 328 2408 in
344 2357 428 2411 tanta
442 2354 538 2414 Domo
550 2359 672 2413 tuarum
686 2351 830 2413 virtutum
848 2350 969 2436 ¹iuturus
987 2349 1083 2410 heres
1100 2356 1189 2410 natus
1206 2356 1299 2427 esset,
1319 2352 1365 2411 vel

221 2463 291 2505 cnm
305 2446 455 2526 depositas
461 2467 526 2510 esse
535 2449 702 2511 simultates
712 2468 817 2512 omnes
828 2456 916 2529 leque
928 2449 959 2510 in
968 2448 1252 2529 gloriosissimorum
1261 2467 1365 2528 regum

221 2545 267 2605 rivi
285 2564 321 2606 ac
336 2547 451 2626 patrui,
461 2554 621 2628 parentum
634 2566 718 2628 pene
729 2554 870 2626 tuorum,
883 2543 1014 2628 gratiam
1021 2553 1178 2627 receptum
1188 2545 1277 2607 fuisse
1290 2565 1366 2627 pro-

221 2640 286 2702 lixis
298 2642 336 2703 ad
355 2661 407 2704 eos
422 2643 539 2724 scriptis
549 2643 672 2720 litteris,
684 2643 788 2723 tuique
806 2641 1033 2720 studiosissimis,
1044 2642 1275 2720 gratularemur.
1296 2643 1365 2718 Qne

219 2758 290 2800 cum
307 2740 360 2800 tibi
378 2748 487 2801 nostre
498 2741 529 2800 in
540 2748 570 2802 te
581 2741 794 2803 benevolentie
805 2739 981 2820 magnitudo
994 2745 1151 2818 perspecta
1171 2737 1276 2815 luerit,
1294 2758 1364 2801 eum

218 2837 249 2897 in
260 2839 320 2898 Nos
333 2856 368 2897 ac
383 2839 525 2897 Sanctam
544 2837 623 2896 hanc
635 2835 743 2896 Sedem
764 2835 907 2896 accedere
922 2833 1042 2915 pietatis
1060 2839 1119 2893 tua
1132 2834 1288 2895 cumulum
1308 2855 1365 2898 vo-

221 2930 319 3012 luisti,
343 2940 377 2993 ut
395 2932 560 3012 quidquam
581 2930 780 3013 opportunius
796 2931 948 3010 Nobisque
969 2930 1122 3009 acceptius
1143 2948 1181 2990 nc
1202 2933 1363 3010 excogitari

217 3029 341 3114 quidem
361 3029 504 3111 potuerit.
524 3031 715 3110 interponere
734 3032 764 3088 te
784 3027 888 3111 scribis
907 3025 989 3108 apud
1009 3026 1132 3088 eosdem
1146 3026 1315 3090 carissimos
1333 3031 1364 3091 in

218 3127 336 3188 Christo
350 3127 425 3188 filios
439 3133 558 3188 nostros
574 3144 674 3204 avum,
684 3144 832 3207 proavum
845 3134 875 3188 et
886 3128 1054 3208 patruelem
1066 3132 1164 3203 tuum,
1179 3130 1364 3208 prestantis-

218 3226 311 3286 simos
330 3243 414 3304 reges
429 3224 558 3306 plurima
577 3232 666 3306 atque
686 3223 796 3286 ommia
814 3224 928 3303 officia,
943 3233 977 3287 ut
990 3223 1189 3287 oflensionum
1207 3227 1362 3307 omnium,

218 3343 284 3404 que
305 3331 373 3385 ante
393 3331 531 3385 nostrum
553 3323 764 3405 pontificatum
788 3323 973 3403 inciderunt,
995 3341 1181 3404 quamquam
1198 3342 1235 3384 ex
1253 3325 1363 3388 animis

219 3422 341 3483 sublate
355 3441 396 3484 ee
409 3423 532 3485 omnino
550 3424 609 3485 sint
622 3423 754 3505 reliquie
766 3424 857 3485 etiam
867 3441 973 3486 omnes
987 3432 1019 3484 et
1036 3422 1162 3503 vestigia
1175 3423 1361 3504 tollerentur,

219 3519 405 3601 ditionesque
414 3520 538 3600 proinde
550 3521 720 3599 Avenionis,
732 3523 903 3599 Beneventi,
915 3528 946 3583 et
952 3520 1055 3582 Pontis
1063 3520 1148 3581 Corvi
1157 3520 1195 3581 ad
1206 3521 1363 3601 pristinam

219 3617 352 3694 ejusdem
362 3618 477 3678 Sancte
487 3616 572 3679 Sedis
584 3620 805 3699 possessionem
815 3618 957 3679 redirent.
968 3617 1097 3694 Maiores
1106 3616 1229 3697 quidem
1241 3635 1276 3679 ac
1292 3618 1362 3679 ube-

218 3714 311 3776 riores
324 3734 420 3776 cause
431 3761 439 3791 ,
449 3733 504 3776 cur
514 3715 699 3778 immortales
712 3716 765 3777 tibi
779 3715 891 3795 gratias
900 3715 1083 3793 habeamus,
1094 3717 1182 3779 nulle
1191 3717 1283 3779 Nobis
1298 3736 1362 3780 esse

219 3806 354 3892 possunt.
370 3814 514 3874 Praeclare
525 3814 658 3892 profecto
672 3816 767 3893 nosti,
787 3821 902 3895 quanto
915 3816 977 3876 Nos
989 3814 1073 3894 pacis
1086 3821 1117 3875 et
1128 3815 1296 3877 concordie
1311 3815 1362 3877 de-

219 3910 326 3973 siderio
340 3919 507 3989 teneamur,
522 3913 687 3993 presertim
698 3933 768 3976 cum
784 3914 939 3976 Borboniae
956 3917 1070 3975 Domus
1081 3916 1270 3996 amplissimis
1282 3918 1362 3998 regi-

219 4011 290 4087 bus,
301 4030 430 4092 qnornm
441 4030 561 4076 summa
570 4012 601 4073 in
611 4013 683 4088 Nos,
697 4013 726 4072 in
738 4012 818 4072 hanc
827 4012 910 4073 Beati
925 4012 1005 4073 Petri
1016 4012 1206 4090 Gathedram,
1218 4013 1247 4073 in
1260 4014 1362 4076 Eccle-

220 4110 294 4170 siam
307 4111 475 4172 nniversam
486 4110 594 4171 merita
606 4110 785 4189 extiterunt,
799 4128 896 4190 neque
904 4110 969 4188 jam
984 4109 1077 4171 Nobis
1092 4111 1152 4171 nlla
1167 4110 1262 4171 inesse
1273 4109 1361 4171 dnbi-

220 4208 294 4267 tatio
310 4217 441 4290 poterat,
456 4209 530 4291 quin
551 4210 607 4290 ipsi
623 4229 679 4291 pro
699 4228 805 4272 eorum
818 4209 960 4289 religione
982 4227 1017 4270 ac
1035 4209 1180 4290 sapientia
1190 4208 1232 4270 illi
1253 4214 1362 4270 nostre

220 4307 383 4386 apostolico
402 4309 518 4370 muneri
536 4309 723 4370 convenienti
737 4308 957 4385 consensionis,
971 4314 1002 4367 et
1016 4306 1185 4368 concordiae
1206 4305 1360 4386 cupiditati

219 4422 274 4463 sno
297 4411 396 4466 essent
426 4407 543 4484 studio,
573 4425 664 4486 opera
687 4407 837 4487 animique
859 4405 1062 4486 magnitudine
1086 4407 1270 4486 responsari.
1303 4405 1360 4466 Sed

219 4519 298 4561 nnnc
308 4547 314 4577 ,
325 4501 514 4563 dilectissime
526 4503 555 4563 in
566 4504 681 4564 Christo
693 4504 733 4564 lili
743 4511 856 4582 noster,
868 4511 952 4565 tanto
962 4504 1072 4564 certius
1085 4504 1116 4563 in
1127 4502 1372 4582 pulcherrimam·
