3188 5414
285 508 318 558 14
715 491 918 550 CLEMEN'llS
930 490 996 546 XlV

280 608 365 685 bant,
385 602 564 667 tantundem
574 598 823 680 nnncvoluptatis
832 595 1131 659 inNosetconcordia
1140 597 1434 677 vestraredundavit,

281 703 447 786 praesertim
458 718 530 763 cum
543 704 647 760 nostra
659 715 721 758 non
733 698 797 775 jam
810 694 969 757 dividenda
982 695 1023 756 ob
1033 694 1249 756 dissensionem
1258 695 1297 756 sit
1304 741 1313 773 ,
1330 696 1383 758 sed
1394 697 1436 759 ob

279 799 512 864 consensionem
523 794 707 859 cumulanda
725 794 755 856 in
769 799 912 873 utrosque
929 792 1151 856 benevolentia.
1171 793 1436 856 Persuasissimum

281 898 371 979 igitur
379 896 465 958 vobis
473 913 538 957 esse
548 893 699 974 cupimus,
711 884 785 954 nihil
796 889 960 970 jucundius
971 889 1106 952 accidere
1121 890 1215 954 Nobis
1230 892 1364 971 potuisse
1375 891 1434 952 hac

281 1001 379 1057 vestra
396 991 567 1055 demerendi
580 991 674 1051 nostri
689 989 860 1065 alacritate,
874 1006 940 1068 quae
950 986 1016 1048 haec
1030 986 1115 1048 initia
1128 987 1222 1048 nostri
1237 987 1434 1048 Pontificatus

281 1098 437 1172 tamquam
454 1089 576 1171 optimis
590 1106 626 1149 ac
646 1087 805 1149 laetissimis
823 1085 963 1167 auspiciis
981 1085 1122 1166 prosequi
1143 1084 1290 1146 voluistis.
1307 1088 1392 1148 Hanc
1404 1086 1435 1146 in

281 1207 347 1250 rem
357 1195 386 1250 et
400 1187 559 1249 eonsilium
579 1202 680 1262 suum,
697 1202 757 1263 quo
775 1183 941 1264 plurimum
961 1183 1073 1261 valent,
1091 1189 1121 1245 et
1133 1201 1258 1264 operam
1274 1184 1435 1245 contulisse

282 1306 353 1349 cum
377 1286 484 1347 eodem
509 1286 541 1346 S.
567 1284 604 1345 R.
631 1285 667 1343 Ε.
694 1281 864 1344 Cardinales
891 1282 970 1342 cives
998 1287 1136 1357 vestros,
1168 1289 1199 1343 et
1225 1282 1435 1343 venerabilem

282 1387 419 1446 Fratrem
431 1380 623 1445 mahom
639 1377 908 1457 Archiepiscopum
921 1375 1044 1453 Urbini,
1057 1376 1143 1454 cujus
1159 1379 1319 1457 pastoralis
1334 1379 1436 1439 minis

282 1481 347 1543 terii
360 1481 505 1562 praeclara
523 1476 604 1559 apud
611 1477 675 1538 Noe
685 1482 768 1538 extat
777 1474 879 1557 opinio
888 1519 896 1552 ,
906 1480 973 1535 tum
987 1474 1085 1554 ipsum
1097 1473 1240 1536 dilectum
1251 1474 1347 1537 filium
1361 1495 1437 1538 nos-

281 1587 363 1639 trum
373 1576 509 1640 Flavium
523 1577 554 1637 S.
576 1578 613 1636 R.
627 1577 663 1636 E.
682 1573 872 1636 Cudinalem
884 1572 1018 1636 Cbisium
1032 1572 1161 1635 universi
1183 1573 1262 1634 illius
1286 1575 1433 1655 seraphici

282 1674 396 1736 ordinis
412 1678 626 1756 protectorem,
647 1672 756 1752 dequo
771 1671 888 1752 egregie
902 1670 1138 1751 sempermereri
1155 1671 1280 1746 studuit,
1292 1691 1353 1734 non
1370 1674 1435 1736 sine

280 1791 387 1834 eornm
408 1770 544 1834 omniurn
559 1769 691 1851 plurima
708 1770 796 1832 laude
816 1787 852 1831 ac
867 1769 1131 1832 commendatione
1144 1776 1176 1831 et
1194 1770 1385 1850 agnoscimus
1405 1781 1436 1834 et

239 1888 242 1893 ·
280 1876 437 1932 testamur.
464 1871 562 1943 Quare
584 1868 668 1949 quod
688 1867 730 1928 illi
756 1885 868 1948 opera,
897 1866 1023 1929 consilio
1049 1873 1139 1946 atque
1169 1869 1349 1932 auctoritate
1380 1891 1435 1933 sua

281 1967 386 2050 perfici
401 1971 599 2043 curaverunt,
617 1983 731 2045 vosque
750 1983 787 2026 ac
805 1963 952 2045 seraphici
972 1970 1072 2045 patres
1091 1971 1155 2025 tam
1175 1965 1265 2026 alacri
1287 1985 1438 2032 consertae

281 2064 485 2146 suffragioque
507 2062 747 2144 comprobastis,
771 2060 911 2142 quodque
932 2061 962 2122 in
985 2060 1146 2124 utilitatem
1166 2061 1253 2123 istius
1270 2063 1352 2126 urbis
1373 2084 1442 2146 pu-·

280 2162 404 2237 blicam,
417 2169 592 2241 rectamque
606 2158 842 2222 adolescentium
855 2163 1024 2219 vestrorum
1041 2157 1262 2221 institutionem
1271 2161 1435 2224 certissime

239 2239 243 2246 ’
280 2276 436 2321 cessurum
452 2275 516 2318 esse
529 2275 590 2318 non
610 2255 801 2332 dubitamus,
815 2260 919 2317 nostra
937 2254 1029 2316 etiam
1047 2255 1226 2318 auctoritate
1244 2260 1435 2341 comprobari

283 2373 419 2437 parasse
438 2352 570 2415 maxime
591 2351 784 2415 arbitramur.
797 2352 841 2413 Ne
863 2351 1108 2433 itaqueincidere
1122 2354 1322 2436 inposterum
1345 2357 1436 2439 quid-

280 2453 365 2534 piam
378 2451 489 2534 possit,
508 2450 590 2532 quod
603 2453 760 2513 decretum
776 2450 848 2513 illud
869 2449 984 2515 avobis
1002 2452 1050 2515 dia
1068 2453 1188 2516 decima
1207 2455 1344 2537 proxime
1356 2476 1436 2538 praa-

281 2550 363 2612 teriti
374 2549 487 2612 mensis
497 2549 579 2612 Junii
592 2548 707 2611 lactum
717 2550 778 2612 ulla
797 2550 913 2613 ratione
921 2550 1092 2632 infringere,
1104 2552 1262 2633 abrogare,
1271 2572 1306 2615 ac
1317 2554 1436 2617 abolere

282 2647 391 2726 valeat,
400 2645 740 2728 utqueidemsemperet
748 2645 873 2708 illaesum
882 2653 1017 2709 servetur
1026 2648 1170 2729 etvigeat‚
1179 2651 1337 2732 omnisque
1345 2671 1436 2717 reno-

282 2732 451 2807 validarum
462 2743 735 2806 controversiarum
757 2763 792 2806 ac
811 2744 911 2806 litium
924 2745 1046 2808 tollatur
1059 2746 1162 2826 locus,
1178 2748 1240 2810 Nos
1255 2750 1436 2832 Apostolicae

282 2841 519 2905 confirmationis
528 2841 622 2904 robur
631 2840 835 2922 adjungimus,
844 2861 879 2904 ac
888 2862 1010 2906 omnem
1022 2843 1103 2906 varie
1114 2844 1212 2925 ipsam
1220 2845 1434 2933 interpretandi

280 2941 430 3003 rationem
456 2946 560 3002 nostra
585 2937 644 3000 hac
668 2939 827 3021 perspicua
851 2939 1056 3006 declaratione
1082 2960 1207 3025 prorsus
1231 2945 1432 3026 praecidimus.

280 3036 409 3099 Proinde
419 3037 560 3099 volumus
573 3054 609 3097 ac
619 3035 818 3116 declaramus,
833 3045 866 3100 ut
875 3040 1044 3122 theologica
1054 3041 1141 3104 istius
1150 3047 1256 3104 vestrae
1267 3042 1435 3106 studiorum

282 3132 486 3196 universitatis
520 3132 680 3210 cathedra,
714 3136 964 3217 quotiescumque
993 3139 1091 3218 ipsam
1118 3157 1227 3202 vacare
1259 3140 1432 3221 contigerit,

283 3248 402 3311 semper
415 3231 446 3291 in
459 3238 616 3312 posterum
630 3231 745 3294 avobis
754 3231 921 3313 vestrisque
933 3235 964 3295 in
981 3233 1111 3314 regenda
1122 3237 1229 3299 eadem
1242 3235 1434 3299 universitate

283 3326 509 3390 successoribus
520 3346 575 3408 pro
584 3334 721 3408 tempore
730 3329 782 3390 uni
794 3329 967 3393 conferatur
975 3351 1012 3393 ex
1025 3331 1121 3395 tribus
1130 3334 1276 3415 religiosis
1288 3334 1434 3416 seraphici

237 3507 239 3513 Ι
283 3418 409 3490 minoris
430 3425 637 3487 conventualis
655 3424 768 3488 ordinis
779 3426 867 3506 viris,
886 3428 937 3510 qui
956 3429 994 3491 ab
1008 3429 1144 3510 ejusdem
1160 3431 1274 3494 ordinis
1291 3430 1435 3497 Praefecto

281 3521 419 3586 Generah
436 3523 534 3600 electi,
547 3521 695 3584 nominati
708 3541 743 3585 ac
751 3525 923 3605 praesentati
934 3523 1020 3588 vobis
1035 3525 1199 3607 vestrisque
1213 3528 1436 3592 successoribus

283 3623 405 3685 luerint.
421 3621 469 3683 Ab
483 3620 590 3684 eodem
601 3640 673 3684 vero
688 3623 832 3686 Praelecto
852 3625 989 3687 Generali
1006 3643 1062 3706 pro
1076 3631 1214 3707 ternpore
1234 3628 1374 3689 volumus
1382 3674 1390 3707 ,
1404 3634 1438 3689 ut

282 3720 511 3805 diligentissimo
521 3720 727 3803 acerrimoque
733 3720 848 3800 judicio
859 3721 924 3784 haec
933 3721 987 3783 fiat
997 3722 1124 3801 electio,
1139 3722 1243 3784 audito
1258 3723 1350 3785 etiam
1362 3744 1438 3806 pro-

283 3830 422 3885 curatore
440 3821 571 3902 generali
587 3821 716 3902 ordinis,
731 3820 908 3904 provinciali
919 3821 1032 3899 Piceni,
1048 3829 1080 3884 et
1098 3822 1235 3903 patribus
1249 3821 1334 3886 istius
1361 3843 1438 3886 con—

283 3926 391 3983 ventus
401 3918 519 3982 Urbini.
533 3920 717 4000 Atquehaec,
730 3920 831 3983 dilecti
851 3920 915 3999 filii,
928 3938 994 4002 quc
1012 3920 1043 3981 in
1064 3919 1157 3983 nostri
1175 3920 1304 4002 gratiam
1318 3941 1336 3983 a
1352 3921 1439 3984 vobis

284 4024 369 4098 gesta
380 4035 444 4081 esse
467 4017 547 4079 ultro
561 4016 704 4096 latemur,
725 4018 840 4082 iaciunt
851 4064 860 4095 ,
883 4025 917 4079 ut
937 4037 974 4080 ec
997 4017 1161 4081 studiosius
1179 4025 1316 4081 nostram
1335 4019 1367 4080 in
1384 4038 1439 4081 vos

284 4115 487 4194 gratissimam
495 4110 682 4176 voluntatem
696 4114 902 4195 conferamus,
913 4133 975 4196 quo
986 4115 1198 4194 maiorevinde
1210 4134 1246 4178 ac
1260 4116 1370 4181 certior
1384 4134 1440 4199 pu·

284 4212 372 4275 blica
385 4222 492 4278 vestrae
504 4220 717 4296 perpetuaque
728 4214 865 4278 utilitatis
881 4213 1066 4277 stabilienda
1080 4233 1148 4296 spes
1161 4214 1333 4279 efflorescit.
1348 4216 1440 4278 Proin

286 4316 396 4373 nostrae
409 4311 499 4392 huius
512 4311 650 4394 plurimae
663 4329 796 4392 ergavos
810 4317 942 4394 patema
953 4313 1170 4376 benevolentiae
1190 4313 1306 4377 fructus
1320 4315 1351 4378 in
1365 4333 1440 4402 pos-

286 4414 387 4471 terum
396 4405 489 4481 Nobis
499 4410 591 4472 etiam
600 4409 766 4490 uberiores,
777 4413 801 4473 si
809 4430 870 4494 qua
880 4411 1092 4494 opportunitas
1103 4412 1219 4493 tulerit,
1228 4407 1345 4495 prolixe
1355 4413 1441 4496 polli-

287 4524 402 4571 camur.
414 4509 536 4573 Interim
546 4509 581 4593 ‚in
590 4509 772 4574 luculentius
793 4510 954 4592 pontificiae
968 4529 1038 4591 erga
1049 4521 1110 4572 vos·
1124 4510 1256 4574 caritatis
1265 4513 1267 4516 ⁴
1277 4529 1441 4592 argumen-
