3188 5414
472 505 654 563 ttets‘rotel
672 509 718 563 ET
739 511 873 566 llllEVlA
890 513 1123 567 sentement.
1171 533 1172 537 ¹
1324 519 1373 570 ild

221 635 280 696 pro
291 619 374 675 tanta
385 632 461 674 vern
472 603 569 676 laudis
581 633 616 675 ac
630 615 730 694 glorie
744 617 934 693 accessione,
949 635 1042 697 quam
1055 615 1214 698 triumphis
1223 637 1258 679 ac
1277 619 1374 680 victo-

221 710 276 770 riis
288 709 427 770 omnibus
441 709 625 788 praeteris,
647 710 758 772 eximie
778 713 1140 794 gratulemur.,Cupimus
1154 714 1235 775 enim
1256 715 1299 775 ita
1319 716 1373 776 tibi

221 824 401 890 persuasum
414 825 492 883 esse,
506 805 579 867 nihil
589 806 627 868 ad
637 815 742 885 tunm,
755 815 874 890 tueque
883 810 982 890 Regiae
995 813 1109 872 Domus
1118 810 1291 879 felicitatem
1302 831 1375 892 pcn-

220 901 316 967 tiner'e
330 922 435 985 posse,
448 903 532 986 quod
546 904 585 966 ad
596 907 657 966 Nos
668 905 740 967 item
749 924 811 968 non
822 908 986 988 pertineat,
1000 926 1196 989 summasque
1213 908 1306 971 Nobis
1321 911 1374 972 ln-

220 1003 292 1066 titin
303 1002 434 1065 rationes
445 1021 507 1064 non
519 1001 635 1064 alterat.
644 1005 744 1084 Atque
754 1004 835 1066 hanc
848 1004 1033 1069 admirande
1041 1011 1073 1068 et
1081 1006 1207 1068 summis
1218 1008 1375 1086 preconiis

219 1101 397 1164 extollendae
417 1100 569 1181 sapientie
582 1107 641 1162 tun
660 1101 753 1163 Nobis
769 1120 852 1164 nunc
876 1102 1136 1185 opportunitatem
1156 1104 1222 1166 dari
1242 1106 1380 1168 maximo

219 1202 368 1276 letamur,
384 1204 416 1260 et
430 1199 469 1260 ab
484 1216 522 1260 ea
535 1198 700 1261 certissime
713 1199 894 1263 confidimus
904 1200 1064 1283 ampliores
1077 1201 1109 1263 in
1120 1201 1269 1283 populum
1286 1210 1373 1267 tuum

216 1297 417 1376 jucunditatis
427 1296 561 1374 fructus,
578 1304 608 1357 et
624 1297 654 1358 in
669 1303 700 1359 te
712 1298 913 1369 luculentiora
929 1299 961 1360 in
975 1300 1041 1362 dies
1057 1298 1206 1361 felicitatis
1224 1318 1260 1361 ac
1274 1302 1375 1381 glorie

220 1394 406 1457 incrementa
415 1401 624 1457 consecutura.
636 1394 684 1455 Ad
695 1396 757 1456 Nos
767 1395 890 1475 quidem
904 1397 1264 1477 vehementercupimus‚
1284 1397 1381 1478 morte·

219 1498 317 1556 mum
330 1493 484 1576 Optimum
497 1492 663 1555 Maximum
682 1493 769 1555 enixe
788 1511 947 1574 rogamus,
969 1495 1059 1573 cujus
1080 1495 1207 1557 celestis
1227 1494 1375 1556 benedic-

221 1593 312 1654 tionis
323 1591 477 1673 auspicem
490 1591 687 1673 apostolicam
706 1591 945 1655 benedictionem
963 1593 1116 1672 llajectati
1130 1595 1202 1654 Tun
1214 1592 1374 1673 Regiisque

221 1687 350 1766 tiberis,
363 1707 399 1750 ec
410 1687 555 1750 universe
564 1687 729 1751 carissime
737 1688 831 1750 Nobis
839 1689 948 1752 Domui
956 1689 1163 1752 amentissime
1171 1689 1371 1770 impertimur.

222 1790 337 1848 [Μίνω
351 1789 469 1863 Rome,
481 1794 552 1856 etc„
573 1786 625 1846 dte
640 1798 675 1848 ²1
686 1784 842 1862 sendrucrtt
864 1799 951 1865 tm,
966 1794 1168 1867 pontificatus
1179 1795 1278 1853 nostri
1294 1809 1374 1850 enno

219 1889 362 1950 necando.

705 1991 889 2008 Μ

704 2172 706 2178 s
730 2088 862 2160 cxm.

479 2248 648 2321 ceulssuto
671 2249 704 2293 ΙΝ
724 2249 859 2294 centeno
881 2251 966 2297 nttlo
990 2250 1112 2294 NOSTRO

372 2357 540 2422 losneno
559 2354 845 2422 conlocatum
865 2357 917 2417 ET
934 2356 1219 2423 melumoutttt
1274 2394 1279 2410 ‚
1362 2406 1363 2409 ,

648 2482 721 2532 nem
741 2483 941 2533 munetsslno

524 2587 762 2668 CLEMENS
788 2591 914 2667 PAPA
946 2590 1055 2669 XlV.

988 2741 1082 2798 Romae,
1097 2743 1110 2788 7
1128 2739 1206 2787 martii
1223 2743 1290 2789 1771.

262 2852 442 2917 Carissimo,
456 2852 511 2906 etc.
525 2844 604 2906 Nihil
618 2844 658 2905 ad
670 2832 857 2922 Maiestatem
877 2835 991 2919 Tuam}
1005 2843 1190 2922 Regiamque
1205 2843 1299 2905 Nobis
1313 2847 1373 2907 Ca-

220 2945 373 3008 rissimam
384 2945 516 3002 Domum
536 2939 764 3022 pertinerenllo
782 2939 876 3000 modo
893 2944 1012 3019 potest,
1026 2938 1110 3018 quod
1123 2945 1284 3017 paternum
1305 2930 1374 3000 arli-

221 3059 306 3102 mum
318 3045 455 3117 nostrum
469 3036 611 3117 singulari
624 3036 679 3100 tibi
692 3035 792 3114 stridio
809 3034 1090 3114 conjunctissimum
1104 3052 1166 3099 nou
1179 3033 1373 3096 vehementer

221 3138 333 3200 afliciat
343 3137 538 3217 acpercellat.
549 3134 781 3216 Facileproiude
789 3139 875 3218 potes
882 3153 920 3196 ex
930 3133 995 3220 ipso
1002 3133 1106 3196 dolore
1116 3140 1169 3217 tuo
1178 3151 1371 3214 cognoscere,

219 3242 333 3318 quanta
346 3230 507 3296 acerbitate
526 3231 657 3312 acceptis
670 3231 777 3295 litteris
795 3229 855 3292 tuis
867 3230 916 3292 die
930 3230 999 3292 XlV
1009 3229 1141 3310 ianuarii
1151 3227 1230 3293 datis
1243 3223 1371 3313 perculsi

220 3326 804 3412 fuerimus,q11ibuslttgubrisaneolli‘oio
815 3329 1372 3395 tristissimumnunciesNubisobitum

221 3431 319 3511 negiu
331 3429 479 3510 Principia
497 3429 601 3492 Maria
620 3428 788 3493 Franciserr
801 3426 958 3490 Dorothen
970 3434 1032 3491 tue
1049 3427 1216 3493 seeundum
1229 3446 1370 3505 earnem,

148 3528 152 3535 '
221 3535 332 3593 nostre
351 3544 425 3591 uem
444 3526 476 3591 in
496 3525 617 3589 Cluisto
633 3524 837 3589 dilectissimae
856 3523 936 3589 liliae.
952 3527 1052 3600 Quam
1066 3526 1131 3588 Nos
1148 3531 1268 3606 partem
1281 3527 1371 3587 vestri

221 3625 312 3703 taujats
321 3625 422 3710 luctus
429 3641 486 3704 pro
499 3629 626 3703 paterna
638 3630 744 3689 nostra
752 3622 908 3687 vobiscum
917 3623 1139 3688 necessitudine
1146 3623 1218 3702 juno
1229 3630 1373 3704 capturos

220 3724 416 3802 existimasti,
429 3722 571 3788 eamdem
583 3720 821 3787 cumulatissime
838 3720 994 3802 cepimus,
1015 3719 1207 3802 ollusumqne
1219 3720 1373 3801 quodem·

220 3824 319 3888 modo.
327 3823 358 3886 in
371 3825 432 3887 llos
446 3820 680 3886 animrnntuum
691 3819 735 3885 ita
745 3818 909 3896 sensium,
918 3825 997 3882 utet
1007 3818 1089 3882 illius
1097 3817 1267 3895 desiderio,
1278 3825 1374 3880 ettuo

220 3923 325 3992 dolore
336 3919 470 3984 maxine
481 3934 752 3981 commoveremur.
767 3917 877 4001 Pmea
887 3915 1257 3996 tenucqmnneclaras,
1267 3912 1372 3976 debu

217 4019 353 4101 immod
364 4025 470 4082 nostra
482 4019 596 4099 pietate
609 4016 721 4080 lidueia
729 4017 875 4080 obsecuti
885 4015 991 4078 statim
1002 4034 1064 4079 non
1076 4015 1178 4079 minus
1191 4021 1303 4076 nostrae
1314 4032 1371 4074 ro-

221 4116 465 4196 lemniscatas,
483 4120 775 4196 quamt1m,etque
786 4115 824 4176 od
844 4112 1032 4178 exorandum
1049 4113 1102 4176 Dei
1117 4111 1229 4194 Optimi
1247 4111 1372 4174 Maximi

220 4212 417 4276 clementiam
441 4231 501 4294 pro
522 4210 673 4275 defuncte
692 4211 841 4293 Pumipis
863 4211 1027 4274 immortali
1053 4209 1156 4291 requie
1171 4207 1374 4289 cogitationes

220 4328 349 4388 ‹unnes„·
365 4328 513 4392 unumne
534 4315 656 4372 noeuas
677 4310 894 4389 conuertimus.
916 4307 1016 4372 leniti
1038 4307 1262 4389 aliquantulam
1279 4313 1371 4388 posse

219 4426 420 4488 cmmnunem
432 4408 514 4470 bime
527 4407 664 4471 Morem
675 4414 814 4472 nostrmn
826 4407 1017 4488 pensavimus,
1036 4406 1061 4470 si
1076 4423 1138 4467 una
1148 4411 1180 4465 et
1193 4405 1225 4466 in
1236 4405 1370 4467 divinam

221 4506 472 4585 miscricordiam,
495 4514 525 4569 et
541 4507 672 4569 inillius
689 4526 794 4584 mores
807 4505 846 4567 ad
866 4503 1223 4583 Christianae-religionis.»
1233 4503 1370 4568 instituta
