3188 5414
230 551 279 601 180
658 541 860 597 ebullientis
880 544 944 597 xlv

171 668 174 674 ’
217 652 252 712 ¹sl
268 651 307 712 ad
325 650 459 712 divinam
474 649 641 729 aagendam
655 648 797 727 gloriam,
813 647 1031 728 fovendamque
1043 647 1184 709 virtutem
1200 621 1240 712 ac
1253 633 1381 728 religio-

228 765 301 810 nem
315 745 434 808 Ordinis
446 752 618 828 opportuna
630 762 696 806 esse
708 763 933 825 cognoscemus.
948 747 982 806 ln
997 744 1184 806 contrarium
1195 744 1380 808 facientibus

216 854 287 906 'non
298 842 488 906 obstantibus
496 843 746 925 quibuscumque.
755 846 867 906 Datum
874 846 986 915 Romu,
996 845 1081 923 opud
1088 843 1378 906 Samsonuanum

229 943 371 1018 uaporem
388 942 443 1001 sub
456 943 569 1002 annulo
589 944 758 1003 Piscatores
774 943 823 1003 die
840 953 857 1003 5
872 943 1046 1023 septembris
1069 951 1161 1018 tm,
1180 945 1379 1020 pontificatus

112 1027 128 1036 ⁴
226 1046 325 1102 nostri
339 1045 532 1103 annotertto.
601 1078 603 1082 -

700 1152 889 1169 ,ιι--ιι--ι-φ-

745 1237 841 1348 cnx.
944 1235 947 1241 ’

633 1445 826 1488 VENERAHLI
849 1442 959 1485 suarm

299 1560 500 1652 nmnrnro
515 1537 703 1623 'sciscoro
723 1549 861 1624 caneo
882 1554 1091 1638 nmcnrrn
1110 1554 1162 1655 nn
1182 1549 1297 1614 omns

535 1693 768 1771 CLEMENS
796 1694 923 1770 PAPA
951 1689 1058 1766 XIV.

950 1848 1070 1907 Ronraml
1084 1843 1226 1908 septembris
1241 1846 1307 1893 1771.

265 1957 461 2044 Venerabilis,
470 1963 527 2018 etc.
538 1956 661 2020 Minime
672 1974 773 2019 serum
780 1956 872 2018 Nobis
879 1954 996 2016 videtur
1004 1970 1070 2014 esse
1081 1949 1155 2013 illud
1162 1948 1375 2030 gratulationis

221 2048 371 2129 cilicium,
385 2051 467 2131 quod
479 2069 497 2113 a
510 2050 727 2114 studiosissimo
740 2053 831 2131 hujus
845 2053 961 2114 Sancta
972 2048 1073 2126 Sedis,
1086 2048 1238 2130 plenoque
1253 2045 1325 2107 fidei
1338 2042 1375 2107 ac

220 2146 415 2217 observantias
433 2148 464 2208 in
477 2148 538 2210 Nos
553 2148 655 2210 animo
666 2147 836 2229 profectum
848 2148 896 2209 sit.
908 2145 1137 2210 iucundissima
1148 2141 1263 2204 idcirco
1278 2142 1375 2204 Nobis

220 2242 340 2304 luerunt
353 2243 445 2304 literae
459 2250 530 2321 tum,
550 2243 735 2306 Venerabilis
747 2245 864 2323 Frater,
880 2245 989 2326 quibus
1005 2250 1090 2305 tuam
1101 2242 1133 2306 in
1145 2243 1207 2303 Nos
1225 2239 1375 2321 pietatem

126 2399 128 2403 ,
220 2347 283 2400 tam
306 2339 476 2401 luculenter
489 2340 640 2417 declaras,
664 2340 886 2422 confirmasque
906 2340 999 2403 Nobis
1022 2359 1106 2418 eam,
1128 2358 1189 2419 qua
1209 2338 1290 2400 inter
1309 2339 1375 2400 Nos

219 2435 372 2513 conjuncti
384 2454 488 2498 sumus
499 2437 531 2498 in
547 2437 664 2499 Christo
675 2437 845 2500 caritatem.
858 2440 903 2499 Ac
914 2437 1062 2519 precipue
1073 2435 1331 2499 conlidImuslore
1340 2446 1375 2498 ut

220 2539 253 2594 tu
275 2548 347 2594 cum
363 2533 525 2597 commisso
545 2534 600 2596 tibi
613 2535 727 2616 populo
746 2553 914 2617 numquam
932 2529 1112 2597 intermittas
1129 2522 1374 2614 imbecillitatem

217 2619 356 2691 ‘nostram
370 2630 497 2693 Domino
512 2632 724 2694 commendare
732 2677 742 2710 ,
754 2651 884 2713 eumque
897 2628 1069 2714 deprecari,
1083 2630 1179 2712 utqui
1190 2631 1254 2692 Nos
1266 2632 1374 2713 Eccle

219 2727 296 2790 siam
308 2745 396 2789 suam
409 2746 512 2810 regere
522 2730 697 2809 constituit,
718 2730 798 2794 idem
815 2731 894 2792 vires
908 2718 1027 2794 nostras
1041 2747 1096 2792 sua
1110 2747 1168 2809 ope
1179 2746 1215 2790 oc
1228 2728 1375 2809 prasidio

218 2826 339 2888 roboret
350 2833 381 2888 et
392 2827 588 2890 communiat.

257 2922 366 3005 Aliqua
385 2925 528 2987 etiamen
546 2932 633 3007 parte
647 2927 764 2990 levatur
778 2944 814 2989 ac
826 2924 974 2988 minuitur
985 2920 1156 2986 sollicitudo
1167 2926 1289 2998 nostra,
1300 2940 1374 2983 cum

218 3022 377 3103 impigram
396 3041 461 3086 esse
474 3025 656 3104 pastoralem
678 3042 803 3104 operam
817 3029 919 3100 tuam,
937 3039 974 3082 ac
986 3038 1067 3082 nnnc
1080 3017 1211 3081 maxime
1221 3017 1375 3080 Christia-

217 3135 289 3179 nam
301 3117 388 3179 isthic
399 3136 464 3180 rem
477 3106 646 3201 divina‘ope
657 3121 781 3202 provehi
796 3112 832 3182 ac
843 3119 949 3202 llorere
964 3135 1192 3198 cognoscamus.

257 3216 355 3297 Quare
370 3213 444 3276 dum
457 3216 550 3277 Nobis
569 3217 641 3296 ipsis
653 3217 765 3279 idcirco
778 3217 978 3296 gratulamur,
989 3215 1128 3277 meritam
1139 3213 1195 3276 tibi
1206 3211 1374 3275 tribuimus

218 3308 350 3395 laudem,
361 3315 449 3390 teque
459 3310 490 3371 in
503 3313 631 3373 Domino
643 3313 683 3373 ob
695 3319 758 3375 tam
774 3313 931 3393 praeclaras
945 3311 1078 3375 actiones
1089 3318 1158 3373 tuas
1172 3309 1270 3372 etiarn
1278 3315 1373 3391 atque

217 3404 310 3483 etiam
322 3405 581 3488 commendamus.
594 3406 684 3469 Aede
698 3408 815 3488 prolixa
833 3428 905 3489 erga
916 3415 946 3471 te
959 3409 1113 3471 voluntate
1126 3411 1232 3469 nostra
1245 3405 1374 3468 uberius

99 3533 102 3538 ·
217 3501 272 3564 tibi
285 3502 450 3584 perscribet
463 3502 588 3566 dilectus
607 3505 685 3567 lilius
696 3506 865 3586 Stephanus
877 3503 987 3586 Borgia
1004 3510 1113 3566 nostra
1125 3502 1374 3582 congregationis
1446 3558 1448 3563 ,

217 3600 255 3663 de
276 3600 473 3681 Propaganda
489 3601 561 3663 Fide
588 3602 785 3681 secretarius,
806 3619 924 3682 unaque
949 3599 1108 3663 certiorem
1123 3604 1157 3660 te
1172 3596 1281 3674 faciet,
1307 3616 1374 3679 quo

217 3697 319 3760 animo
329 3698 482 3778 postulata
495 3705 548 3761 tua
556 3700 778 3782 exceperimus,
789 3717 941 3782 quamque
952 3698 990 3760 ad
1000 3695 1232 3778 gratificandum
1247 3695 1302 3757 tibi
1313 3715 1374 3776 pro

216 3793 269 3883 Del
281 3792 377 3874 gloria
395 3794 543 3858 laboranti
562 3797 703 3878 propensi
718 3798 823 3860 simus.
839 3799 900 3859 Nos
915 3802 1059 3879 praterea
1070 3810 1228 3874 nunquam
1240 3791 1297 3854 tibi
1312 3811 1372 3873 pro

216 3890 440 3972 opportunitate
461 3887 675 3956 benevolentiae
688 3899 798 3957 nostra
815 3893 931 3956 fructus
949 3890 1052 3955 delore
1064 3891 1257 3973 pollicentes,
1279 3908 1372 3970 apos-

217 3985 597 4082 tolicambenedictioncm,
605 3989 866 4066 tibi,Venerabilis
874 3991 1112 4070 maeatasque
1120 3986 1189 4050 fidei
1199 3986 1373 4050 commisso

143 4147 145 4151 ,
217 4076 330 4164 populo
336 4091 529 4166 peramanter
540 4086 740 4168 impertimur.
751 4089 863 4151 Datum
871 4089 981 4162 Romu,
993 4089 1042 4152 die
1056 4101 1070 4152 t
1083 4087 1261 4168 septembris
1276 4098 1370 4165 rm,

215 4186 408 4262 pontificatus
421 4189 517 4245 nostrl
532 4202 610 4245 cuno
625 4190 724 4249 tertio.

697 4347 880 4362 m
