3188 5414
220 501 280 551 saut
645 492 861 550 -GLEMENTlS
876 494 944 550 xlv

220 599 466 682 'problematique
477 619 554 682 pour
567 601 615 661 les
621 596 754 662 sidulas-a
769 600 854 661 venir
869 601 903 661 la
914 599 1064 663 tolerares
1073 606 1139 661 tant
1152 601 1290 681 prbobee
1304 603 1375 665 daus

228 717 263 759 oe
276 697 547 774 siecle,·toleranoe
561 696 653 777 quior
673 714 711 758 uo
724 692 822 759 c'raint
831 714 886 777 pas
903 696 941 758 de
953 696 1050 759 louler
1060 716 1119 758 aux
1133 697 1221 778 pieds
1236 697 1313 760 daus
1324 700 1374 761 des

228 815 303 876 pays
314 797 406 875 sujets
418 796 503 857 dune
514 795 701 858 domination
711 796 883 875 e'trangero,
899 814 937 857 au
952 796 1047 875 grand
1059 796 1201 858 scandale
1215 797 1271 859 des
1282 799 1374 879 philo

220 891 353 972 sophos,
366 899 397 954 et
409 910 447 954 au
459 890 571 973 mepris
582 891 621 960 de
630 895 681 956 'ces
695 891 752 952 lois
762 886 878 954 saor'ees
888 893 963 973 ,qui
974 892 1140 956 reunisseut
1148 894 1194 956 les
1202 894 1331 958 natious.

703 1007 888 1026 -t-u-—d-—n

661 1126 663 1130 '
722 1119 871 1192 'CCClll.'

492 1223 891 1325 uuucroarosrouco
912 1262 1103 1322 roncum.
1125 1225 1127 1229 '

654 1433 658 1440 ,
1009 1388 1105 1446 Romae,
1121 1390 1152 1434 22
1162 1384 1227 1446 lunii
1243 1388 1308 1436 titt.

223 1490 226 1496 '
264 1484 451 1545 Petaliustrts
467 1490 494 1544 ct
508 1483 760 1543 Reuerendtssime
782 1481 907 1542 Domine
921 1487 968 1542 uta·
984 1483 1105 1543 Frater.
1129 1482 1261 1544 Summo
1285 1482 1369 1543 aniuu

225 1599 353 1643 moerore
370 1579 580 1676 sanctissimus
590 1581 632 1642 D.·
643 1578 832 1665 N.boognovit
851 1597 888 1640 ex
901 1579 993 1641 literis
1007 1580 1222 1661 Amplitudiois
1243 1586 1317 1658 ture,
1333 1583 1367 1643 ad

229 1676 453 1758 infrascriptum
465 1673 508 1738 b.
536 1676 738 1739 Secretarium
753 1677 871 1759 scriptis
885 1677 933 1739 die
954 1689 989 1739 18
1012 1679 1152 1758 praeteriti
1173 1679 1289 1740 mensis
1303 1681 1367 1757 maji

225 1772 401 1835 illiberalem
416 1773 522 1852 agendi
539 1772 706 1849 rationem,
722 1791 787 1852 qua
801 1773 868 1835 istic
882 1782 1016 1836 servatur
1028 1775 1109 1836 circa
1121 1793 1173 1837 res
1186 1781 1218 1837 et
1230 1795 1368 1856 personas

223 1888 398 1950 suppressas
409 1868 559 1931 societatis
569 1871 658 1947 Jesu,
671 1872 702 1932 et
713 1869 844 1931 maxime
856 1870 894 1932 ab
906 1869 1052 1951 episcopis
1063 1870 1123 1950 qui.
1131 1876 1254 1951 partem
1265 1872 1371 1932 habeut

222 1966 253 2026 iu
271 1967 351 2046 regio
370 1966 552 2044 ministerio,
567 1971 597 2027 et
612 1965 654 2046 pii
676 1964 809 2027 muneris
823 1965 1015 2027 immemores
1036 1965 1138 2046 potius
1162 1953 1267 2027 favent
1283 1985 1371 2046 quam

222 2064 360 2150 resistant
372 2061 656 2126 abominationibus.
678 2062 763 2123 Dolet
783 2061 931 2123 Sanctitas
952 2063 1014 2123 Sua
1025 2107 1033 2140 ,
1056 2080 1128 2124 vasa
1145 2080 1236 2123 sacra
1256 2062 1372 2142 indigno

221 2148 380 2237 profanata
392 2158 496 2235 fuisse,
512 2164 545 2220 ut
554 2165 702 2219 memorat
715 2156 889 2238 Amplitudo
900 2164 952 2220 tua
964 2156 1087 2235 adolet,
1098 2158 1180 2220 bona
1199 2161 1265 2221 Deo
1278 2159 1372 2220 dicata
1420 2196 1423 2204 -

220 2253 368 2315 laicormn
385 2254 507 2315 arbitrio
521 2255 655 2335 dispersa
668 2253 778 2331 luisse3
792 2255 888 2333 dolet,
904 2257 1002 2317 scelus
1014 2255 1167 2317 calumnia
1178 2256 1281 2336 obtegi
1294 2257 1372 2336 quod

223 2350 331 2411 similia
344 2358 517 2432 perpetrata
531 2351 640 2412 fuerint
654 2352 684 2412 iu
702 2352 788 2413 urbe.
806 2353 1037 2415 Laudat-tamen
1050 2352 1247 2434 prudentiam
1262 2359 1293 2414 et
1310 2352 1373 2415 for·

220 2446 382 2507 titudinem
391 2446 602 2525 Amplitudinis
621 2454 695 2525 tua,
706 2447 787 2527 quod
796 2448 916 2526 justitia
928 2455 1030 2529 partes
1041 2449 1183 2528 gravibus
1193 2449 1372 2530 disertisque

222 2544 390 2605 rationibus
405 2543 573 2605 substinere
586 2545 647 2606 uon
661 2542 792 2621 destitit,
807 2544 948 2624 quodque
964 2545 1147 2607 calumniam
1160 2545 1236 2608 huic
1257 2547 1288 2607 S.
1307 2547 1372 2608 Sedi

220 2643 386 2727 impactam
398 2642 532 2704 refellere
546 2643 662 2723 sategit.
674 2641 871 2705 Verissimum
880 2642 1003 2722 quidem
1020 2649 1079 2719 est,
1095 2643 1178 2723 quod
1194 2644 1372 2724 Amplitudo

220 2750 275 2802 tua
292 2739 449 2821 respoudit
458 2785 466 2817 ‚
489 2756 551 2800 non
571 2739 645 2801 lucri
666 2738 718 2801 sed
731 2737 976 2800 custodioeoausa
994 2738 1033 2800 ad
1046 2740 1077 2800 S.
1094 2740 1232 2801 Montem
1245 2739 1372 2801 >Pietatis

219 2838 363 2899 translata
382 2834 536 2897 hioluisse
559 2835 755 2897 ecclesiarum
778 2842 915 2914 argenta,
935 2852 1001 2916 quur
1023 2835 1373 2903 nihilominusecclesiis

219 2935 418 2996 restituuntur
429 2933 459 2994 iu
468 2919 695 2995 occurrentibus
705 2932 943 2995 solenmitatibus
950 2940 1002 3012 ,et
1012 2933 1092 2995 bona
1103 2951 1271 3023 suppressa
1280 2934 1383 2996 socie

218 3032 289 3094 tatis
299 3049 361 3094 non
370 3030 474 3092 erario
486 3029 788 3111 pontificio,sedpiis
798 3029 902 3091 usibus
914 3029 953 3091 ad
962 3029 1123 3091 utilitatem
1132 3024 1374 3111 respectiuorum

218 3129 357 3191 locorum
376 3119 526 3211 applicata
546 3126 595 3187 bic
612 3125 704 3187 luisse
733 3125 779 3187 vel
798 3143 835 3185 ex
855 3125 999 3204 adjuncta
1019 3125 1180 3204 Enoyolioa
1204 3126 1244 3188 ad
1266 3146 1371 3190 omues

189 3285 191 3289 ,
218 3225 376 3305 episcopos
387 3222 548 3304 pontificiae
566 3221 691 3283 Ditionis
705 3221 880 3285 transmissa
893 3221 1055 3302 intelligere
1071 3221 1370 3304 poterit-Amplitudo

218 3324 288 3395 tua,
306 3325 337 3380 et
350 3318 414 3379 aliis
427 3324 534 3378 notum
547 3316 656 3377 lacere.
1421 3330 1424 3337 ·

257 3419 335 3477 Dum
358 3434 429 3496 ergo
456 3413 689 3477 aninentissimi
710 3417 823 3478 Patres‘
837 3417 1078 3498 congregationis
1110 3417 1263 3498 deputata
1281 3437 1373 3499 super

217 3510 344 3592 negetiis
357 3529 523 3592 suppressa
538 3510 688 3587 societatis
709 3511 872 3592 predicte,
889 3514 976 3592 jussu
989 3513 1161 3575 Sanctitatis
1176 3514 1245 3575 Sua
1254 3514 1374 3598 debitas

217 3609 382 3691 rependant
403 3608 601 3691 Amplitudioi
625 3615 683 3671 tue
713 3616 812 3688 grates
834 3610 1066 3691 proindefessis
1095 3610 1270 3689 laboribus,
1295 3632 1374 3693 quos

218 3706 345 3768 sustinet
357 3706 396 3766 io
408 3705 466 3776 bac
480 3723 530 3785 re,
545 3711 576 3766 et
588 3724 644 3788 pro
661 3704 772 3768 eximia
792 3701 960 3787 diligentia,
984 3726 1045 3789 qua
1068 3708 1184 3788 singula
1196 3716 1372 3789 opportune
1397 3769 1400 3773 ,

216 3811 319 3866 narrat
333 3802 513 3881 suis>literis5
524 3820 593 3864 eam
604 3802 690 3864 enixe
699 3809 816 3882 rogant,
831 3804 946 3881 ut-Dei,
958 3812 989 3866 et
999 3804 1137 3867 molesia
1153 3806 1371 3885 causam-tueri

216 3919 279 3967 nou
295 3905 407 3978 cesset,
422 3904 453 3960 et
463 3899 674 3962 misericordia
687 3906 862 3980 partesnon
875 3901 994 3963 deserat
1006 3919 1063 3982 pro
1079 3900 1242 3963 individuis
1255 3903 1373 3984 uepri-

217 4004 324 4059 ventur
344 3996 451 4060 debitis
473 3996 630 4058 alimentis.
652 3999 690 4057 Et
709 3996 784 4057 dum
805 3996 868 4058 hac
890 3997 1066 4075 scribimus,
1087 3997 1298 4079 Amplitudini¹
1312 4007 1373 4060 tuac

219 4094 321 4157 omnia
334 4094 430 4157 lausto
444 4114 481 4157 ex
492 4094 585 4156 corde
598 4113 757 4177 precamur
770 4096 938 4159 abomino.
1299 4136 1302 4141 -

224 4216 227 4223 ·
284 4191 510 4276 amplitudinis
526 4192 596 4251 Tuae

225 4302 227 4307 ,
654 4269 894 4332 studiosissimus
904 4271 947 4332 uti
962 4272 1066 4332 Frater

891 4373 923 4423 A.
939 4371 1130 4424 clamamus
1142 4371 1314 4426 Coasruus.

894 4459 925 4511 V.
939 4459 1144 4519 blacauourus
1153 4461 1368 4531 ,secretarius

719 4543 843 4552 ι-ι--ο--ι
