3188 5414
377 502 617 556 aristonem
634 503 768 557 BREVlA
786 503 1022 558 SELECTIORA.
1223 509 1272 558 ron

125 603 274 682 pretiosus
287 604 371 665 Beati
380 605 485 666 Jaccbi
500 606 621 687 sanguis
634 607 786 687 expositus
800 614 881 685 erat,
896 609 1021 672 Sacrum
1032 606 1168 682 fecimus,
1185 607 1273 688 idque
1329 632 1336 639 ·

126 700 226 779 ipsum
246 719 301 780 pro
317 700 375 762 hac
395 702 583 784 impetranda
606 704 759 766 communi
778 702 920 766 felicitate
937 706 999 764 Deo
1014 703 1094 763 Patri
1113 702 1274 764 offerentes

126 797 305 876 Apostolum
319 797 404 866 illum
416 806 531 880 quanto
549 801 704 881 potuimus
721 801 813 863 animi
827 801 935 863 ardore
950 800 1090 862 adhibere
1105 799 1274 878 adjutorem
1305 843 1311 852 .

126 911 162 954 ac
182 892 410 974 deprecatorem
422 897 642 959 contendimus.
666 897 714 959 Ad
730 897 905 976 hujusmodi
920 895 1194 978 opportunissima,
1208 915 1274 976 qua
1305 905 1309 912 '

123 1009 161 1049 ex
174 990 283 1052 nostris
301 992 339 1053 ad
349 996 445 1054 Deum
459 994 535 1061 votis
551 995 700 1075 proficisci
719 1015 775 1076 pro
795 1003 825 1056 te
845 996 964 1076 tuisque
978 1003 1105 1076 possunt
1125 994 1273 1076 praesidia,

124 1090 294 1169 apostolice
320 1093 536 1156 benedictionis
567 1094 697 1157 salutare
728 1112 839 1158 munus
865 1095 1065 1176 adjungimus,
1099 1095 1181 1175 quod
1208 1095 1273 1168 tibi,

121 1189 277 1251 carissime
300 1190 332 1252 in
351 1178 466 1253 Christo
484 1192 526 1252 fili
544 1199 656 1268 noster,
676 1193 819 1273 omnique
840 1191 939 1273 Regia
960 1192 1164 1255 Dilectissimo
1185 1191 1276 1254 Nobis

123 1285 155 1346 in
176 1286 293 1349 Christo
307 1287 439 1350 Familiae
449 1288 556 1351 intimo
569 1290 686 1371 paterni
699 1291 799 1353 cordis
811 1309 901 1354 sensu
918 1291 1121 1354 amantissime
1137 1291 1276 1372 imperti-

123 1402 204 1446 mur.
220 1388 331 1449 Dalcm
342 1387 454 1459 Roma,
468 1389 518 1450 die
531 1394 632 1468 prima
644 1393 765 1467 cucurti
783 1399 836 1450 177
845 1399 870 1467 t,
878 1394 1180 1475 pontificaturccstri
1195 1407 1276 1450 cccc

125 1488 222 1546 tertie.

602 1590 768 1606 *nun—¹·

661 1711 725 1781 CL.

582 1875 715 1918 DILECTO
738 1875 824 1917 runo

363 1977 603 2051 DESMARAIS,
626 1979 818 2040 arnoaldo
839 1980 1036 2040 anconam

187 2101 315 2149 cnmms
333 2103 546 2151 srucrrssmn:
557 2102 734 2152 ramirans
749 2093 982 2150 annnumrcms
998 2103 1213 2162 carrucam,

436 2206 671 2286 CLEMENS
698 2208 827 2284 ΡΑΡΑ
855 2207 959 2285 XIV.

909 2368 1003 2426 Romae,
1015 2352 1133 2430 lau‘gusti
1145 2370 1213 2416 ¹771.

167 2473 293 2545 Dilecta,
314 2479 370 2533 etc.
384 2473 563 2554 Accepimus
583 2473 685 2536 literas
700 2479 769 2535 tuas
781 2472 900 2553 pietatis
911 2472 941 2532 in
955 2473 1018 2534 Nos
1031 2490 1067 2533 ac
1081 2471 1277 2533 observantia

123 2570 308 2650 plenissimas
323 2590 384 2633 una
397 2590 468 2633 cum
480 2572 593 2634 Libello
605 2569 832 2652 elegantissimis
844 2569 924 2651 typis
935 2569 1095 2650 impresso,
1110 2569 1141 2630 in
1154 2589 1214 2649 quc
1228 2572 1276 2630 Je
1305 2583 1307 2588 ⁴

123 2668 223 2728 remiae
236 2675 358 2749 questus
379 2669 482 2749 patria
497 2668 647 2731 excidium
660 2669 789 2750 lugentis
804 2669 920 2749 gallicis
937 2668 1070 2730 versibus
1092 2668 1274 2749 expressisti.

123 2768 252 2846 Operam
264 2772 350 2826 tuam
366 2766 505 2842 preclare
523 2768 654 2846 positam
671 2785 689 2828 a
706 2773 737 2828 te
750 2785 813 2827 esse
833 2767 1014 2828 arbitramur
1028 2766 1059 2828 in
1078 2784 1116 2827 eo
1134 2767 1277 2828 vertendo

124 2861 225 2922 divino
245 2867 332 2939 vate,
351 2862 438 2939 cujus
453 2862 668 2923 sublimitatem
682 2863 859 2942 assequendi
877 2862 933 2924 etsi
950 2864 1033 2924 nulla
1045 2881 1113 2942 spes
1125 2882 1190 2924 esse
1210 2864 1278 2924 cui-

123 2976 217 3037 quam
235 2957 346 3038 possit,
357 2961 499 3020 secutum
522 2954 624 3019 tamen
637 2958 741 3037 fuisse,
757 2973 792 3020 ac
809 2958 946 3040 propina,
970 2958 1071 3039 quoad
1089 2959 1153 3020 lieri
1167 2966 1277 3039 potest,

125 3056 285 3117 accessisse
304 3055 334 3117 in
348 3055 480 3118 maxima
496 3056 585 3117 debet
604 3055 693 3118 laude
715 3056 879 3124 numerari.
899 3058 997 3130 Quare
1015 3055 1046 3115 id
1063 3055 1164 3136 ipsum
1178 3061 1278 3116 ateet

124 3161 309 3234 susceptum,
326 3160 356 3215 et
378 3152 417 3216 ad
437 3153 551 3216 exitum
569 3152 749 3236 perductum
768 3173 832 3215 esse
853 3154 1046 3215 vehementer
1072 3152 1124 3213 tibi
1141 3153 1279 3232 gratula-

123 3272 203 3330 mur,
224 3270 322 3333 nequc
340 3251 440 3314 minus
460 3259 548 3313 tuum
564 3251 602 3313 de
617 3250 768 3331 religionis
790 3252 883 3313 rebus
903 3250 1048 3330 studium,
1068 3269 1161 3330 quam
1179 3252 1278 3312 excul-

124 3349 274 3410 tissimum
287 3349 318 3410 in
331 3348 499 3429 pangendis
510 3347 646 3411 versibus
658 3347 811 3428 ingenium
826 3347 1029 3428 agnoscimus.
1048 3336 1152 3428 ltaque
1167 3367 1278 3410 munus

91 3473 94 3478 ’
123 3446 183 3508 hoc
200 3454 287 3507 tuum
302 3465 339 3509 eo
360 3467 378 3508 a
399 3447 491 3509 Nobis
507 3447 603 3528 excipi
624 3447 726 3509 animo
746 3446 800 3508 tibi
821 3444 989 3527 persuade,
1003 3464 1065 3526 quo
1089 3451 1123 3506 tu
1143 3447 1276 3509 maxime

125 3545 216 3621 velis,
238 3552 432 3626 nostramque
448 3547 507 3608 hac
525 3546 618 3609 etiam
635 3545 673 3606 de
684 3564 776 3607 causa
790 3545 953 3626 plurimam
971 3562 1036 3606 esse
1049 3563 1121 3623 erga
1137 3551 1167 3605 te
1182 3544 1278 3606 bene-

124 3642 305 3718 volentiam,
319 3643 405 3721 cujus
418 3644 473 3704 tibi
493 3643 608 3706 fructus
625 3648 733 3724 praestc
752 3661 871 3723 semper
893 3662 949 3723 pro
967 3642 1193 3724 opportunitate
1214 3642 1279 3702 sore

124 3740 312 3823 pollicemur.
333 3744 397 3816 Qua
408 3741 498 3821 igitur
510 3741 620 3803 eximia
634 3741 759 3802 caritate
777 3759 849 3819 erga
860 3740 1034 3801 universum
1046 3747 1178 3801 vestrum
1191 3739 1277 3799 Ordi-

124 3861 214 3920 nem,
230 3848 265 3902 ut
280 3841 377 3918 nosti,
393 3859 498 3902 sumus
506 3885 514 3918 ,
528 3841 662 3920 ejusdem
683 3858 746 3903 non
768 3838 952 3899 mediocrem
968 3837 998 3898 in
1012 3843 1042 3899 tc
1062 3835 1190 3898 derivari
1203 3855 1278 3917 par-

35 3965 39 3970 ·
124 3947 202 4018 tem,
217 3941 268 4021 qui
283 3940 437 4001 laboribus
451 3936 512 4000 tuis
527 3938 619 4019 ipsius
635 3957 746 4019 augere
759 3937 951 4019 splendorem
973 3936 1088 4012 studes,
1106 3953 1142 3995 ex
1157 3941 1277 4014 aposto

124 4036 184 4097 lica
193 4037 284 4099 etiam
296 4035 507 4100 benedictione
524 4054 633 4116 capere
646 4043 732 4117 potes
746 4041 969 4115 argumentum,
984 4051 1076 4114 quam
1088 4031 1154 4108 tibi,
1168 4031 1276 4092 dilecte

125 4132 180 4209 fui,
193 4141 381 4213 peramanter
399 4132 600 4215 impertimur.
615 4132 729 4196 Datum
743 4134 854 4204 Romen,
868 4137 939 4206 etc„
956 4131 1034 4195 dict
1051 4132 1172 4208 capucii
1188 4139 1276 4215 1371,

84 4316 87 4322 ¹
122 4234 317 4308 pontificatus
328 4236 428 4294 ¹nostri
439 4249 517 4292 nnnc
529 4237 626 4295 terlio.

613 4384 790 4399 μ
