3188 5414
183 561 189 573 .
368 485 546 542 EPlSTOLAE
565 487 610 540 ET
628 487 762 541 naevia
781 489 1016 546 SELECTlOllA.
1082 526 1087 540 ·
1213 502 1266 552 267*

118 594 157 656 de
175 588 317 672 singulari
336 598 440 653 nostro
453 593 484 653 in
504 599 534 652 te
548 610 651 654 amore
663 592 822 670 judicium,
834 593 1024 657 dilectissime
1044 597 1075 657 in
1089 598 1206 661 Christo
1222 602 1266 665 fili

116 700 230 769 noster,
243 697 276 753 et'
286 691 370 771 quod
388 692 492 754 scribis
510 693 552 754 de
562 693 680 773 egregia
693 700 747 755 tua
763 712 917 775 propensa
939 701 1048 756 nostras
1065 694 1096 756 in
1109 701 1140 758 te
1153 698 1264 761 volun-

114 789 186 850 tatis
202 788 327 866 fiducia,
347 788 377 850 id
400 789 500 871 ipsum
520 790 613 852 Nobis
633 798 679 852 est
700 790 968 869 iucundissimum,
988 797 1018 853 et
1031 799 1157 873 paterno
1182 794 1213 856 in
1233 802 1264 861 te.

116 885 218 947 animo
235 885 360 948 omnino
374 893 619 949 consentaneum.
634 888 713 953 Nihil
731 886 812 950 enirn
834 891 929 970 magis
944 891 1098 973 cupimus,
1115 912 1209 973 quam
1229 903 1265 963 ut

112 981 167 1043 tibi
178 982 277 1064 reipsa
285 983 510 1062 confirmemus,
520 991 550 1045 te
561 986 601 1047 ob
613 986 774 1065 singularia
783 993 836 1048 tua
845 987 876 1047 in
885 989 947 1050 Noe
958 1007 994 1050 ac
1003 990 1144 1053 Sanctam
1153 992 1266 1055 Sedena

112 1079 220 1142 merita
233 1080 361 1142 mirifice
374 1100 391 1143 a
403 1081 496 1143 Nobis
507 1081 601 1161 diligi,
619 1083 801 1164 plurimique
815 1084 879 1145 lieri
895 1090 927 1146 et
939 1104 1005 1165 quae
1018 1105 1036 1147 a
1047 1087 1139 1149 Nobis
1150 1089 1264 1167 gratili-¹

111 1177 200 1238 candi
218 1177 263 1239 tui
278 1196 371 1241 causa
393 1178 543 1259 proficisci
557 1181 676 1242 valeant
693 1182 799 1243 eadem
812 1199 874 1243 non
893 1200 912 1242 a
927 1188 957 1245 te
976 1183 1072 1262 magis
1091 1184 1259 1264 expectari,

25 1323 30 1334 s
112 1287 205 1356 quam
221 1296 239 1338 a
256 1277 350 1339 Nobis
362 1277 434 1360 ipsis
447 1284 481 1340 ut
492 1278 546 1340 tibi
563 1285 739 1359 praestemus
753 1279 862 1361 optari.
875 1281 1039 1359 Propterea
1049 1326 1060 1358 ,
1069 1300 1137 1360 que
1151 1281 1264 1345 litteris

111 1376 170 1438 tuis
181 1376 229 1438 die
238 1379 306 1439 XIX
319 1378 390 1441 maii
404 1378 481 1440 datis
495 1377 664 1461 postulasti,
678 1376 901 1456 diligentissime
915 1377 1189 1459 studiosissimeque
1203 1399 1260 1444 co-

107 1474 280 1552 gnoscenda
290 1475 487 1556 suscepimus,
503 1480 593 1555 atque
606 1474 720 1552 omnia,
735 1492 803 1555 quae
824 1474 863 1535 ad
882 1492 947 1535 rem
970 1475 1120 1554 pertinent
1139 1496 1259 1541 summa

108 1583 181 1631 cura
194 1571 341 1651 conquiri,
354 1578 384 1634 et
396 1572 434 1633 ad
443 1573 504 1634 Nos
516 1570 616 1634 afferri
621 1570 776 1649 jussimus.
792 1570 826 1633 ld
836 1570 938 1651 itaque
949 1571 1014 1649 tibi,
1027 1571 1216 1636 dilectissime
1228 1573 1258 1635 in

106 1665 222 1728 Christo
245 1667 286 1729 fili
306 1675 419 1746 noster,
439 1670 503 1747 J'am
519 1687 599 1730 nuuc
623 1668 825 1745 affirmamus,
846 1669 907 1729 Nos
931 1674 1080 1749 quatenus
1100 1671 1256 1750 apostolici

106 1761 261 1823 ministerii
273 1763 374 1826 officio
387 1765 511 1826 minime
522 1763 732 1844 impediamur,
745 1772 776 1824 ct
796 1770 944 1843 quantum
955 1783 1010 1845 pro
1031 1764 1074 1825 rei
1094 1766 1255 1844 gravitate,

23 1924 26 1930 ,
106 1865 137 1918 et
151 1859 266 1920 Sancta
280 1860 363 1922 Sedis
374 1861 517 1940 dignitate
529 1860 622 1922 Nobis
638 1860 694 1921 erit
708 1860 868 1939 integrum,
880 1860 1073 1923 libentissime
1085 1871 1258 1938 curaturos,

105 1954 264 2032 postulatis
278 1962 312 2017 ut
332 1957 392 2018 tuis
410 1956 474 2018 fieri
493 1955 565 2017 satis
584 1955 690 2036 possit.
704 1955 737 2016 ld
751 1954 805 2016 tibi
816 1954 1076 2036 persuasissimum
1095 1975 1176 2020 nuuc
1189 1975 1254 2020 esse

105 2051 254 2130 volumus,
266 2059 296 2113 et
307 2072 377 2114 cum
385 2053 423 2114 de
437 2053 520 2114 omui
531 2072 563 2114 re
574 2059 730 2134 perspecta
740 2056 831 2131 atque
843 2052 981 2113 absoluta
994 2051 1153 2114 certiorem
1168 2061 1198 2114 te
1210 2053 1253 2114 la-

104 2147 235 2224 ciemus,
250 2168 441 2231 summopere
455 2157 613 2230 optamus,
628 2157 661 2211 ut
672 2149 821 2232 ejusmodi
835 2149 986 2212 sententie
1001 2157 1110 2212 nostrae
1126 2152 1204 2213 ratio
1223 2161 1253 2212 ot

103 2246 295 2324 postulationi
316 2255 390 2325 tuae,
412 2253 443 2308 et
466 2248 561 2309 amori
584 2253 705 2325 nostro,
730 2265 766 2308 ac
785 2247 877 2308 moris
892 2247 943 2307 tibi
963 2248 1083 2326 gerendi
1107 2249 1253 2311 desiderio

103 2342 233 2405 mamma
244 2345 421 2406 consentiat.
433 2343 556 2405 Interim
575 2362 714 2421 summe,
729 2362 789 2424 qua
807 2350 838 2405 te
851 2344 1078 2424 complectimru·
1092 2346 1252 2426 pontificiae

103 2439 235 2501 caritatis
248 2446 373 2518 testem,
391 2446 422 2502 et
439 2440 604 2502 coelestium
628 2441 847 2505 beneficiorum
866 2441 1035 2521 auspicium
1054 2444 1250 2523 apostolicam

102 2535 338 2599 benedictionem
350 2537 415 2615 tibi,
431 2537 621 2599 dilectissime
637 2538 667 2599 in
681 2538 799 2600 Christo
812 2536 854 2599 fili
868 2545 982 2615 noster,
995 2544 1085 2618 atque
1104 2540 1250 2603 universe

102 2635 255 2697 electorali
268 2636 380 2697 domui·
392 2642 450 2697 tuae
466 2636 669 2699 amantissime
683 2635 881 2716 impertimur.
898 2639 1011 2698 Datum
1030 2639 1145 2710 Rcmoe,
1166 2642 1249 2717 apud

101 2732 245 2792 Sanctam
259 2734 389 2792 Mariam
408 2735 553 2810 MaJ'orem
570 2735 758 2793 sab-Annulo
776 2735 952 2804 Piscatores,
969 2735 1017 2792 die
1038 2745 1054 2792 4
1077 2737 1249 2812 septembris

105 2835 192 2902 1773,
206 2830 398 2905 pontificatus
410 2831 505 2888 castrt
518 2832 727 2904 conoquium.

574 3058 774 3130 CCXXXVI.

366 3216 533 3258 crnrssnro
554 3212 588 3258 na
609 3215 741 3259 cnursro
761 3214 842 3261 eiuro
864 3214 980 3259 uosruo

207 3324 405 3387 LUDOVICO
425 3326 666 3388 FRANCORUM
686 3325 778 3387 REGI
798 3324 1137 3389 cnnlsmnlsslno

336 3452 340 3462 ·
378 3450 640 3530 crunnus
676 3451 810 3558 rara
847 3449 960 3525 xm.

796 3603 894 3658 Rure,
909 3607 925 3648 o
940 3600 1083 3661 septembris
1098 3605 1164 3650 ¹773.

142 3707 315 3775 Carissimo,
336 3713 392 3766 etc.
408 3705 513 3766 Aderit
523 3705 589 3768 istic
608 3723 678 3767 cum
692 3703 775 3766 hisce
788 3704 898 3767 uostris
913 3704 952 3766 ed
963 3705 1086 3784 Regiam
1101 3705 1246 3782 Maiesta-

99 3809 160 3864 tem
170 3804 267 3863 Tuam
275 3800 381 3863 litteris
391 3801 574 3864 Venerabilis
585 3805 689 3863 Frater
702 3801 851 3882 losephus
871 3801 1121 3883 Archiepiscopus
1136 3802 1243 3865 Seleu·
1288 3812 1290 3816 ‘

98 3900 152 3960 cie
162 3897 365 3960 cuicximium
378 3897 472 3959 nostri
484 3903 514 3958 et
527 3897 617 3977 hujus
629 3900 745 3961 Sancta
758 3898 842 3960 Sedis
853 3897 936 3978 apud
948 3904 979 3960 te
989 3897 1132 3961 ordinarii
1146 3898 1243 3960 nuntii

98 4012 210 4055 munus
229 3993 440 4075 imposuimus.
464 3997 562 4074 Atque
584 3995 610 4056 is
626 3996 748 4075 quidem
768 4014 829 4077 qua
842 3994 934 4057 animi
952 3995 1124 4077 prestantia
1143 3995 1182 4056 sit
1195 3997 1244 4059 vel

98 4112 135 4154 ex
156 4092 221 4170 ejus
241 4092 382 4173 singulari
401 4092 432 4155 iu
446 4110 568 4154 omnem
587 4094 787 4156 Borbonicam
805 4096 935 4156 Domum
953 4091 1143 4155 observantia
1156 4091 1243 4155 facile

98 4209 270 4270 cognosces.
287 4194 431 4254 Praeterea
440 4190 576 4272 praeclari
592 4192 638 4254 sui
651 4192 767 4273 generis
776 4191 964 4273 nominisque
978 4190 1168 4273 splendorem
1181 4191 1245 4262 mi-,

98 4289 180 4350 nime
191 4290 381 4370 ambigimus,
391 4291 464 4372 quin
472 4290 584 4372 pietate
596 4336 605 4369 ,
615 4310 736 4353 morum
745 4281 925 4371 integritate,
933 4290 1042 4371 ingenii
1048 4289 1179 4353 candore
1186 4310 1238 4354 re-

96 4406 225 4468 rnmquc
235 4387 774 4469 agendarumdexteritateaequatnrus
785 4389 823 4451 sit
832 4389 879 4450 vel
888 4389 979 4451 etiam
991 4387 1237 4470 amplificaturus.

96 4484 209 4557 Quibus
227 4490 305 4547 certo
334 4486 493 4548 virtutibus
522 4485 546 4547 si
566 4486 715 4566 Majcstati
740 4489 810 4549 Tuae
831 4486 1007 4564 satisfaciet,
1030 4484 1158 4549 cundem
1179 4489 1241 4562 Nos
