3188 5414
221 485 269 534 roa
461 514 464 519 -
650 472 849 528 maniculis
868 471 933 525 xlv

216 584 309 643 Nobis
331 581 499 640 riderentur
514 579 537 637 si
558 596 650 639 noras
676 577 763 636 isthic
784 573 955 635 exercende
974 591 1072 652 operae
1090 579 1164 649 tuae,
1187 590 1222 632 ac
1247 569 1375 631 initam-

219 679 334 740 mandae
355 679 385 737 in
401 678 458 736 isto
476 675 556 737 lideli
570 675 683 755 populo
698 672 817 753 pietatis
833 670 1069 751 opportunitates
1083 686 1144 728 non
1158 661 1376 748 suppeditare-

217 795 297 836 mus.
314 778 417 854 ltaque
433 791 486 853 per
507 773 598 833 hasce
619 777 737 831 nostras
759 767 899 829 informa
918 764 1020 826 Brevis
1033 764 1152 838 literas,
1175 781 1252 842 quas
1268 761 1309 824 ad
1323 768 1371 832 te,

216 869 322 930 dilecte
342 869 400 943 lili,
419 865 667 941 transmittimus,
689 863 856 944 plenariam
871 866 1066 943 peccatomm
1079 859 1298 939 indulgentiam
1318 879 1374 920 so-

217 964 410 1026 lemnioribus
425 982 477 1043 per
488 981 600 1023 annum
612 960 733 1036 diebus,
744 958 881 1046 tidelicet
892 958 1129 1020 Resurrectionis
1140 957 1260 1018 Domini
1271 958 1372 1018 Nostri

216 1065 287 1122 lesu
314 1061 438 1136 Christi,
460 1062 666 1134 Pentecostes,
690 1055 880 1137 Epiphania,
905 1052 1128 1135 assumptionis
1149 1056 1249 1116 Beate
1269 1054 1372 1116 Maria

216 1155 361 1236 Virginis,
376 1159 555 1218 Sanctorum
568 1156 783 1235 Apostolorum
795 1153 873 1214 Petri
885 1159 915 1214 et
928 1152 1030 1227 Pauli,
1051 1149 1086 1214 ac
1105 1151 1259 1232 Seraphici
1274 1152 1373 1213 Patris

216 1256 246 1313 S.
264 1253 413 1315 Francisci
429 1252 604 1313 lucrandam
617 1252 655 1313 ab
667 1252 807 1313 omnibus
817 1251 955 1312 Armenia
968 1253 1094 1332 Ancyra
1107 1251 1284 1326 Catholicis,
1301 1251 1373 1330 qrri-

216 1370 345 1434 cumque
361 1351 443 1432 prius
458 1349 585 1411 confessi
594 1395 602 1425 ,
619 1368 653 1408 ac
673 1367 758 1409 sacra
772 1346 984 1409 communione
998 1347 1101 1409 retecti
1119 1366 1174 1428 pro
1189 1347 1373 1410 exaltatione

218 1450 374 1525 Ecclesiae,
392 1465 448 1529 pro
466 1447 632 1508 infidelium
651 1445 861 1523 conversione,
880 1465 916 1507 ac
929 1465 985 1527 pro
1003 1445 1150 1507 haeresum
1171 1444 1373 1526 extirpatioue

216 1548 310 1606 Deum
321 1545 471 1606 oraverint
481 1545 518 1605 ad
529 1529 696 1624 septenium
708 1543 881 1605 duraturam
898 1544 1061 1625 apostolica
1073 1543 1251 1606 auctoritate
1266 1561 1373 1605 conce-

218 1642 327 1702 dimus.
708 1631 710 1637 ’

256 1740 350 1799 Deum
362 1755 432 1799 vero
445 1739 543 1819 ipsum
553 1738 613 1799 Nos
623 1756 793 1819 precamur,
806 1745 839 1799 ut
849 1737 1007 1800 consilium
1016 1739 1076 1800 hoc
1085 1743 1221 1800 nostrum
1233 1736 1275 1800 ad
1284 1737 1376 1801 suam'

216 1833 311 1914 magis
322 1833 478 1914 magisque
493 1833 660 1913 aagendam
672 1835 798 1914 gloriam
813 1853 992 1898 conversum
1003 1855 1062 1914 suae
1075 1835 1218 1899 bonitatis
1233 1835 1371 1899 ubertate

216 1932 372 2010 taecrrndet,
385 1932 497 2012 tibique
504 1940 538 1993 nt
549 1931 587 1993 ad
595 1950 662 1994 eam
670 1931 835 1994 curandam
845 1933 952 2011 majori
959 1932 1065 1994 divina
1072 1933 1175 2012 gratia
1184 1931 1373 1996 incremento

163 2075 167 2081 .
216 2029 418 2107 confirmeris,
432 2029 558 2092 coelestis
572 2029 789 2092 benedictionis
807 2030 961 2110 auspicem
973 2028 1169 2111 apostolicam
1185 2029 1372 2093 benedictio

216 2115 327 2189 tionem
342 2134 532 2207 peramanter
544 2126 743 2208 impertimur.
765 2129 878 2188 Datum
901 2126 1017 2197 Rotam,
1032 2133 1102 2197 etc,
1126 2128 1175 2186 die
1199 2139 1236 2188 ro
1251 2124 1373 2188 derem-

218 2231 280 2287 bria
298 2239 384 2302 ¹771,
398 2229 592 2305 pontificatus
605 2232 700 2286 acati-i
713 2244 792 2285 cano
808 2226 908 2285 tertio.

703 2345 881 2354 ...ι-ι..-

592 2612 725 2654 DlLECTO
764 2612 847 2655 ululo
879 2612 998 2654 NOSTRO

216 2718 387 2779 ANTONIO
405 2721 433 2779 S.
460 2719 495 2780 R.
519 2722 544 2780 E
577 2717 839 2790 Pausurrnno
862 2716 1075 2779 mantuam
1096 2719 1147 2778 DE
1168 2712 1375 2796 CllOISEUL,

521 2843 823 2892 accurarrsooro
840 2843 1062 2902 susurrum,

482 2948 745 3028 CLEMENS
793 2950 928 3025 Para
979 2946 1096 3023 XIV.

929 3098 1027 3152 Romae,
1045 3097 1072 3142 18
1086 3093 1220 3141 decembris
1235 3094 1304 3144 1771.

258 3200 393 3269 Dtteete,
407 3209 464 3260 etc.
486 3202 663 3262 Gratissima
678 3202 771 3263 Nobis
785 3202 905 3263 fuerunt
923 3220 979 3284 pro
993 3199 1153 3278 singulari,
1168 3216 1231 3278 qua
1249 3215 1321 3277 erga
1343 3207 1378 3261 te

217 3295 340 3358 caritate
354 3313 474 3371 sumus,
489 3315 555 3375 qua
568 3297 599 3358 iu
610 3296 704 3358 literis
720 3297 758 3358 ad
775 3300 836 3360 Nos
851 3299 899 3361 die
911 3301 1006 3360 XXXI
1020 3297 1153 3360 octobris
1175 3297 1255 3358 datis
1273 3295 1374 3376 signi-

182 3423 185 3430 ·
217 3395 290 3454 ticas
304 3391 395 3452 Nobis
409 3390 446 3452 de
456 3399 509 3454 tua
522 3394 604 3455 filiali
616 3412 687 3474 erga
698 3396 760 3456 Nos
774 3403 806 3456 et
816 3396 895 3458 hanc
906 3395 1112 3476 Apostolicam
1124 3394 1234 3455 Sedem
1248 3393 1377 3473 pietate,

219 3492 277 3553 fide
292 3505 328 3551 ae
346 3491 548 3553 observantia.
564 3494 660 3566 Quem
679 3495 741 3554 Nos
755 3494 862 3555 merito
882 3494 1052 3573 diligimus,
1067 3492 1214 3571 cujusque
1234 3491 1377 3554 sedulam

216 3592 247 3655 iu
262 3588 402 3671 pastorali
412 3589 579 3652 ministerio
590 3608 730 3670 operam,
744 3590 945 3669 vigilantiam,
957 3609 992 3650 ae
1008 3587 1243 3650 sollicitudinem
1252 3588 1378 3668 plurimi

218 3688 345 3750 t'acimus
353 3732 362 3764 ,
377 3687 511 3764 ejusdem
526 3687 658 3749 vicissim
668 3688 834 3750 luculentas
847 3688 876 3748 in
886 3689 947 3748 Nos
956 3687 1085 3749 existere
1099 3685 1208 3763 studii,
1222 3685 1378 3767 obsequii,

218 3785 446 3864 officiorumque
458 3786 594 3848 omnium
605 3786 822 3848 declarationes
838 3785 868 3845 id
885 3803 955 3846 vero
970 3790 1000 3845 et
1015 3783 1140 3845 mirifice
1149 3783 1269 3863 paterni
1281 3782 1378 3846 anuni

218 3883 312 3945 nostri
326 3886 415 3961 auget
420 3881 653 3962 jucunditatem,
664 3891 696 3944 et
705 3882 861 3964 pristinam
871 3898 942 3961 erga
953 3888 983 3942 te
995 3878 1379 3958 benevolentiammagno

218 3979 469 4060 pereconfirmat.
490 3981 565 4040 Cum
574 3981 677 4060 itaque
689 3979 805 4050 eumin
816 3979 942 4041 modum
952 3977 1118 4059 comparati
1129 3990 1236 4039 sumus
1242 3974 1379 4053 ,dilecte

219 4076 260 4136 tili
271 4084 384 4154 noster,
400 4075 486 4137 facile
499 4076 653 4158 intelligis,
669 4076 794 4138 'minime
806 4094 940 4156 unquam
957 4076 1129 4137 dubitatum
1144 4071 1272 4135 aNobis
1287 4091 1377 4151 esse,

219 4177 290 4255 quin
304 4175 441 4257 perutilis
455 4173 557 4235 lutura
566 4175 606 4235 sit
615 4181 667 4236 tua
680 4173 858 4237 monialium
873 4173 967 4235 sancti
981 4170 1132 4234 Francisci
1145 4170 1306 4232 deArbois
1316 4191 1378 4251 gu-

220 4272 371 4350 bernatio,
386 4273 448 4333 imo
458 4276 492 4333 ut
501 4271 656 4350 eamdem,
669 4272 751 4353 quod
766 4291 821 4353 par
830 4277 911 4348 erat,
925 4271 1102 4332 auctoritate
1111 4273 1214 4330 nostra
1228 4269 1378 4331 stabilire·

220 4386 288 4428 mus
301 4369 364 4430 illas
377 4389 453 4451 quas
464 4369 560 4447 nosti,
572 4370 601 4430 in
612 4370 709 4432 torma
723 4370 827 4432 Brevis
844 4368 964 4445 literas,
981 4369 1061 4430 ultro
1076 4367 1113 4429 ad
1130 4373 1160 4450 te
1168 4365 1379 4434 transmittere

220 4464 384 4544 voluimus,
400 4466 509 4547 quibus
528 4470 557 4525 et
571 4466 624 4527 tibi
644 4466 674 4526 in
699 4466 845 4527 moniales
865 4466 914 4542 jus
932 4471 1028 4542 esset,
1043 4470 1073 4524 et
1092 4462 1148 4523 illis
1167 4461 1298 4525 invicem
1316 4461 1393 4542 pa·-
