3188 5414
232 527 285 578 302
661 520 863 575 eutulanus
881 520 947 573 xlv

230 648 284 691 sua
294 628 352 688 lide
368 626 588 707 perscripturus
599 631 655 699 est,
671 624 820 709 soluimus
834 630 935 685 tamen
944 626 1005 685 Nos
1014 643 1069 705 ipsi
1083 630 1182 688 tecum
1194 643 1248 705 per
1262 625 1376 688 litteras

228 742 369 806 peragere
381 724 436 784 lias
447 731 559 804 partes,
574 718 649 803 quas
662 727 696 782 ut
705 722 918 783 cumulatiores
929 721 1042 801 tibique
1055 721 1200 800 gratiores
1212 722 1374 786 faciamus.

228 825 324 882 Deum
343 821 495 900 Optimum
511 819 676 882 Maximum
690 818 775 878 enixe
793 837 964 898 precamur,
986 824 1019 878 ut
1032 818 1199 880 caelestibus
1222 821 1377 885 beneficiis

228 924 375 1000 perpetuo
395 925 493 980 ratam
509 920 571 998 ipse
585 916 659 978 faxit
671 917 867 996 apostolicam
881 915 1132 994 benedictionem,
1142 935 1235 997 quam
1250 918 1316 996 tibi,
1331 919 1376 979 di-

227 1017 389 1078 lectissime
399 1015 429 1076 in
447 1014 563 1076 Christo
577 1014 618 1074 fili
632 1020 744 1091 noster,
756 1018 874 1093 tuaeque
891 1012 1044 1074 electorali
1065 1013 1173 1075 Domui
1197 1013 1376 1096 intimo'pa-

227 1115 303 1176 terni
324 1113 425 1176 cordis
436 1113 545 1176 aflectu
565 1112 769 1175 amantissime
789 1111 989 1192 impertimur.
1013 1113 1127 1173 Datum
1151 1114 1271 1198 Rome,
1296 1117 1376 1192 eprtd

225 1216 371 1274 ‚tanetum
381 1215 511 1274 Martem
522 1213 1047 1290 Majorem,sabAnnuloPiscotorts,
1056 1212 1105 1271 dte
1116 1221 1152 1272 16
1162 1214 1272 1289 aprilis
1286 1223 1373 1289 1774,

224 1314 411 1390 pontificatus
425 1296 520 1372 nostri
529 1329 609 1372 anno
623 1316 737 1389 quinto.

707 1431 890 1444 ..n—n*

714 1539 878 1611 CCLXlV.

560 1698 763 1740 saucrlsslut
786 1698 902 1740 DOMINI
925 1696 1035 1738 nosrnt

199 1863 202 1869 ·
231 1813 240 1825 ’
313 1815 545 1886 stantunus
570 1815 719 1886 DlVlNA
745 1813 1031 1884 PROVlDENTlA
1056 1810 1180 1881 PAPAE
1208 1814 1287 1883 XlV

633 1961 951 2054 ALLOCUTIO,

257 2115 370 2164 HABITA
387 2116 420 2162 IN
436 2115 641 2163 couslsuoulo
656 2113 809 2173 SEGRETO,
827 2112 881 2159 utu
897 2111 978 2159 xvsti
995 2111 1118 2159 sumtis
1135 2111 1332 2159 Moccuxxlv.

265 2274 453 2333 Venerabiles
467 2276 598 2335 Fratres.
620 2277 790 2354 Antequam
813 2275 1058 2339 Glnistilidelibus
1083 2276 1230 2336 universis
1254 2277 1311 2338 rite
1331 2277 1372 2336 iu-

222 2369 389 2454 diceremus
402 2364 668 2450 appropinquantis
675 2369 740 2448 jam
753 2372 823 2432 anni
835 2373 930 2434 sancti
938 2372 1105 2451 jubilaeum,
1114 2391 1208 2453 quem
1223 2391 1263 2434 ex
1272 2375 1372 2440 Eccle-

222 2466 270 2527 sia
284 2465 419 2533 instituto
429 2484 464 2526 ac
476 2484 561 2527 more
572 2467 724 2544 majorum
733 2468 757 2528 si
767 2469 829 2528 vita
838 2467 940 2530 divino
952 2468 1096 2530 beneflcio
1107 2467 1201 2529 Nobis
1215 2477 1368 2550 suppetet,

221 2560 399 2622 celebraturi
409 2578 525 2639 sumus,
535 2561 695 2623 consilium
704 2562 763 2625 hoc
771 2570 910 2626 nostrum
922 2564 1018 2641 vobis,
1032 2564 1227 2626 Venerabiles
1240 2566 1370 2644 Fratres,

221 2660 321 2741 palam
339 2659 439 2721 facere
451 2659 612 2738 voluimus,
629 2667 662 2722 ut
673 2678 709 2722 ea
720 2677 787 2741 qum
802 2661 902 2741 parari
919 2662 1003 2741 prius
1019 2661 1212 2742 expedirique
1233 2671 1373 2744 oporteat

221 2756 259 2818 ad
270 2757 418 2835 majorem
435 2757 500 2835 ejus
511 2757 656 2839 temporis
669 2756 858 2818 sanctitatem
871 2759 1121 2838 promovendam,
1135 2776 1196 2819 una
1211 2760 1371 2823 vobiscum

220 2872 307 2917 curas
314 2854 569 2936 cogitationesque
580 2862 698 2917 nostras
709 2863 963 2918 converteremus.
975 2857 1020 2917 Aa
1029 2857 1091 2918 Nos
1103 2854 1228 2935 quidem
1238 2856 1371 2936 primum

219 2953 357 3015 omnimn
372 2959 542 3034 opportune
562 2938 781 3034 providendum
796 2952 938 3014 duximus
960 2959 995 3014 ut
1007 2953 1039 3015 in
1049 2952 1178 3033 publicis
1189 2952 1369 3030 reficiendis,

219 3070 254 3114 ac
268 3051 438 3114 muniendis
448 3051 515 3126 viis,
532 3069 729 3133 quecumque
741 3051 778 3113 ad
790 3050 979 3113 mmmeandi
992 3050 1199 3127 commodum,
1210 3068 1249 3111 ac
1261 3069 1371 3113 securt-

220 3158 313 3212 tatem
334 3158 504 3232 spectarent
517 3151 673 3232 diligenter
688 3152 812 3227 fierent,
826 3168 924 3231 neque
937 3150 1104 3232 quidquam
1117 3159 1195 3211 esset
1208 3150 1296 3230 quod
1313 3169 1369 3231 pe-

190 3282 194 3291 ·
218 3265 302 3325 regre
311 3247 372 3308 bue
386 3247 608 3309 advenientium
618 3248 761 3328 pietatem
775 3247 951 3309 retardaret.
967 3248 1060 3309 Porro
1070 3264 1141 3308 eum
1151 3245 1367 3327 intelligamus,

218 3351 404 3424 quantopere
421 3344 459 3405 ad
479 3344 637 3405 hominum
652 3346 769 3406 animos
784 3342 822 3406 ad
842 3346 1033 3408 sanctitatem
1049 3344 1225 3408 excitandos
1246 3353 1367 3409 externa

218 3441 309 3502 etiam
320 3441 471 3521 religionis
485 3442 610 3522 species,
624 3461 659 3504 ac
672 3442 801 3523 dignitas
814 3443 924 3522 valeat,
938 3444 1071 3506 arbitrati
1087 3462 1268 3508 sumusessc
1279 3464 1367 3508 accu-

217 3547 281 3602 rate
296 3541 523 3621 exquirendum,
538 3542 590 3623 qui
605 3541 643 3604 sit
656 3543 877 3625 praecipuarum
897 3541 980 3604 urbis
992 3541 1187 3604 ecclesiarum
1201 3549 1313 3620 status,
1335 3554 1367 3607 ut

217 3638 242 3698 si
252 3656 313 3718 qua
328 3637 533 3717 instauranda,
546 3659 582 3702 ac
595 3641 753 3704 reficienda
770 3643 801 3704 in
814 3643 851 3704 iis
864 3647 975 3718 essent,
992 3648 1062 3722 apte
1074 3659 1110 3702 ee
1124 3643 1304 3722 tempestive
1314 3663 1366 3706 cu-

216 3736 276 3797 rari
285 3735 467 3815 juberemus.
479 3737 538 3798 Sed
548 3755 664 3819 magnae
674 3738 809 3820 prolecto
813 3737 996 3821 jucunditati
1008 3737 1102 3799 Nobis
1110 3737 1183 3814 luit,
1193 3756 1366 3820 cmnquam

216 3833 347 3916 plurima
360 3836 472 3916 templa
482 3835 737 3916 predecessorum
753 3840 927 3897 nostrorum
942 3854 978 3897 ac
992 3836 1155 3916 prasertim
1169 3837 1198 3897 S.
1213 3838 1255 3897 M.
1272 3839 1366 3900 Bene
1428 3868 1432 3875 ·

216 3933 288 3995 dicti
308 3934 398 4015 Papa
409 3934 477 3994 XIV
489 3934 668 3997 liberalitate
681 3932 856 4015 peregregie
874 3941 1019 3995 exornata
1033 3933 1131 3996 adhuc
1147 3934 1278 3996 retinere
1292 3935 1366 4017 pris,

216 4032 313 4093 tinum
326 4031 364 4094 ab
380 4032 417 4094 iis
429 4032 552 4093 allatum
572 4033 762 4114 splendorem
778 4033 985 4112 cognovimus.
998 4033 1202 4095 Veruntamen
1214 4051 1288 4094 cum
1302 4035 1366 4095 Va-

216 4131 316 4192 ticana
330 4138 503 4194 sanctorum
521 4131 600 4193 Petri
610 4139 640 4193 et
654 4133 737 4194 Pauli
750 4130 944 4212 Basilicapro
958 4150 1013 4193 sua
1025 4132 1120 4212 ipsius
1136 4133 1364 4212 magnitudine,

219 4245 254 4286 ae
266 4228 435 4308 prestantia
447 4227 599 4290 assiduam
608 4228 795 4291 restaurandi
804 4229 989 4308 diligentiam
1004 4231 1146 4310 postulet,
1157 4237 1188 4291 et
1203 4236 1368 4310 propterea

218 4340 278 4384 una
287 4325 422 4397 omnium
436 4325 567 4387 maxime
579 4330 666 4388 curas
679 4332 798 4391 nostras
808 4325 847 4386 ad
859 4343 890 4386 se
900 4332 1030 4403 revocet,
1035 4327 1100 4405 J'am
1110 4324 1229 4406 pridem
1239 4343 1367 4405 operam

217 4420 364 4501 dedimus
379 4431 412 4486 ut
425 4424 571 4506 quidquid
580 4426 610 4486 in
626 4426 676 4488 illa
689 4418 972 4488 obscuratumesset
983 4430 1034 4486 aut
1048 4425 1192 4505 temporis
1209 4424 1367 4487 diuturni-

216 4526 277 4581 tate
289 4530 475 4603 corruptum,
490 4524 709 4602 restitueretur,
723 4532 752 4586 et
769 4531 904 4587 recentes
916 4524 1008 4585 etiam
1023 4532 1111 4605 atque
1123 4524 1302 4588 illustriores
1316 4545 1365 4587 or-
