3188 5414
227 509 278 557 206
605 487 610 496 ¹
657 497 859 553 clamanus
877 498 943 551 xiv

226 606 368 667 firmabit.
394 603 522 665 [tomum
543 603 574 663 in
598 602 724 663 ‹roelcstis
748 601 962 663 benedictionis
985 600 1151 681 auspicium
1177 600 1377 680 apostolicam

226 702 464 764 benedictionem
474 701 539 776 tibi,
551 707 667 780 tuaque
678 698 809 778 conjugi,
822 699 929 760 dilecte
941 699 982 760 lili
996 698 1104 760 nobilis
1114 698 1171 777 vir,
1183 704 1379 780 peramanter

226 800 425 880 impertimur.
444 801 552 860 Dotem
565 800 675 868 Roma,
686 804 758 867 etc„
771 806 788 857 a
795 796 946 875 februarii
964 809 1050 870 1772,
1062 800 1261 875 pontificatus
1279 803 1376 859 nostri

181 901 183 905 ’
225 917 307 958 onae
322 901 418 957 lertio.

707 979 891 990 ——---

696 1080 898 1150 CLXXXIII.

628 1224 820 1272 varanem!
843 1228 957 1270 marai

425 1321 643 1387 lllPPOLYTo
664 1327 848 1387 EPISCOPO
870 1319 1177 1387 SENOGALLIENSI

528 1436 765 1519 CLEMENS
792 1441 921 1518 PAPA
948 1439 1056 1517 XIV.

574 1613 576 1617 -
973 1583 1067 1640 Romae,
1083 1579 1226 1629 alebrmrii
1243 1582 1312 1631 177².

266 1681 463 1750 Venerabilis,
478 1689 535 1741 ele.
557 1679 669 1741 Retulit
687 1679 779 1741 Nobis
798 1679 925 1740 dilectus
946 1677 1024 1740 iilius
1044 1683 1146 1738 noster
1166 1670 1372 1739 Ferdincndas

222 1777 317 1840 Maria
331 1779 361 1838 S.
379 1780 415 1838 R.
428 1773 462 1838 Ε.
480 1772 637 1856 Presbyter
651 1776 809 1840 cardinalia
819 1778 857 1838 de
869 1776 979 1839 Rubris
995 1773 1241 1855 Congregationis
1252 1774 1370 1836 Consilii

221 1884 384 1946 Tridentini
395 1881 563 1964 interpretis
581 1882 752 1958 Praefectus,
769 1886 895 1962 quatu,
911 1878 1096 1941 Venerabilis
1112 1879 1230 1953 Frater,
1244 1877 1276 1938 in
1293 1878 1368 1959 epis-

222 1984 301 2059 tola,—
313 2000 374 2062 qua
395 1980 481 2042 istius
505 1980 639 2043 diaecesis
660 1987 773 2042 statum
793 1978 891 2039 eidem
913 1974 1135 2056 congregationi
1155 1973 1194 2034 de
1214 1993 1302 2035 more
1319 1974 1369 2036 de-

221 2078 379 2159 scripsisti,
394 2091 456 2139 non
471 2077 569 2139 solum
580 2076 773 2139 vehementer
786 2084 922 2155 exoptas,
935 2072 989 2133 sed
1004 2088 1196 2151 summopere
1210 2070 1305 2132 etiam
1318 2070 1369 2132 lla-
1433 2090 1436 2096 ·

116 2191 118 2198 ·
220 2176 312 2253 gilas,
329 2182 363 2237 ut
378 2193 436 2236 nos
452 2174 564 2235 scilicet
581 2172 685 2235 habita
697 2171 815 2234 ratione
835 2176 866 2232 et
880 2169 985 2246 etatis,
1004 2176 1034 2230 et
1049 2165 1229 2230 valetudinis
1251 2174 1312 2228 tua
1325 2167 1369 2227 di-

220 2271 297 2332 mitti
315 2291 333 2330 a
349 2280 378 2331 te
398 2271 605 2351 episcopatum
620 2270 770 2344 sinamus,
786 2268 938 2348 aliumque
960 2265 1069 2328 viventi
1090 2265 1159 2344 tibi,
1178 2285 1216 2328 ac
1229 2266 1260 2327 in
1276 2266 1367 2328 otium

174 2383 179 2392 ·
219 2368 368 2428 recedenti
379 2384 584 2429 successorem
598 2366 636 2427 ad
647 2366 737 2427 istam
750 2364 912 2446 regendam
924 2363 1083 2425 ecclesiam
1096 2362 1278 2445 deligamus.
1292 2366 1368 2425 Tuas

222 2466 302 2546 apud
323 2467 385 2526 Nos
401 2464 461 2543 egit
473 2464 522 2525 ille
534 2470 649 2543 partes,
662 2457 766 2525 sedita
779 2463 850 2543 egit,
865 2470 898 2523 ut
914 2459 1173 2543 quemadmodum
1188 2460 1368 2542 debuitque

220 2582 275 2624 sua
298 2568 376 2623 esset
396 2561 565 2638 haedere,
587 2560 686 2640 deque
704 2559 789 2620 istius
810 2559 959 2621 Dominici
971 2558 1069 2639 gregis
1082 2558 1211 2620 utilitate
1225 2558 1368 2621 sententia

218 2659 375 2740 perspicue
388 2664 586 2738 accurateque
605 2657 783 2719 declararet.
802 2659 846 2718 Ea
860 2657 973 2733 omnia,
994 2655 1060 2737 qua
1074 2655 1167 2718 Nobis
1183 2674 1305 2738 semper
1316 2674 1368 2717 aa·

218 2764 267 2817 tea
281 2761 440 2836 perspecta
452 2755 490 2817 de
503 2761 646 2831 merant,
660 2754 758 2835 deque
772 2773 833 2815 uon
847 2753 1022 2818 intermissis
1041 2761 1098 2816 tuae
1110 2754 1273 2836 pastoralis
1287 2754 1367 2816 solli-

217 2853 367 2931 citudinis,
383 2853 556 2934 vigilantiae,
580 2853 713 2915 caritatis
733 2853 887 2916 laboribus
912 2873 982 2916 cum
1002 2852 1123 2916 abunde
1143 2853 1366 2928 confirmasset,

216 2951 308 3030 gavisi
327 2970 398 3013 sane
410 2971 530 3030 sumus,
546 2951 732 3014 Venerabilis
748 2953 863 3030 Frater,
880 2952 1003 3015 laudare
1013 2953 1075 3013 No's
1091 2950 1218 3030 debere,
1232 2950 1370 3033 postula-

139 3078 141 3083 ι
217 3057 283 3109 tum
302 3048 333 3110 id
354 3056 460 3126 tuum3
484 3049 582 3111 eidem
594 3068 665 3110 vero
680 3048 849 3110 consentire
866 3067 927 3110 non
943 3048 1064 3110 debere.
1087 3051 1133 3110 Tu
1151 3049 1316 3112 enimcum
1329 3049 1370 3111 af·

216 3149 312 3207 lactus
325 3146 550 3226 debilitatasque
564 3146 698 3229 corporis
717 3147 761 3208 tui
780 3147 857 3209 vires
870 3164 934 3208 esse
946 3146 1012 3223 jam
1029 3146 1159 3223 sentias,
1179 3165 1237 3228 pro
1249 3146 1368 3226 egregio

217 3244 246 3301 in
264 3241 459 3303 commissum
473 3243 526 3303 tibi
543 3244 689 3323 populum
712 3243 810 3305 studio
828 3242 914 3304 valde
925 3241 1050 3318 vereris,
1069 3261 1107 3303 ne
1120 3242 1195 3323 quid
1207 3241 1316 3304 idcirco
1327 3242 1367 3303 de

218 3336 379 3416 episcopali
394 3337 552 3398 sedulitate
568 3344 657 3417 atque
671 3355 774 3419 opera,
791 3337 873 3422 quod
885 3345 1024 3420 prestare
1038 3339 1227 3401 vehementer
1236 3337 1366 3417 intersit,
1439 3330 1442 3334 ’

217 3431 384 3492 necessario
400 3431 586 3493 detrahatur.
609 3435 670 3494 Nos
690 3452 761 3496 vero
779 3435 852 3498 illud
871 3435 1020 3517 precipue
1044 3436 1214 3516 cogitamus
1226 3454 1294 3498 nou
1315 3444 1370 3499 e‘as

216 3549 280 3592 esse
298 3528 502 3591 ecclesiastice
514 3528 624 3618 militia
636 3530 778 3610 rationes,
788 3540 892 3595 utnon
902 3534 999 3596 multo
1008 3533 1126 3614 potiora
1141 3533 1234 3596 animi
1245 3533 1368 3612 robore,

216 3646 309 3707 quam
328 3625 462 3707 corporis
482 3626 597 3708 possint
611 3627 700 3690 ellici.
722 3630 826 3710 Neque
844 3629 926 3691 dubii
953 3649 1058 3691 sumus
1069 3675 1077 3707 ,
1097 3629 1170 3711 quin
1191 3629 1230 3692 ad
1252 3630 1368 3712 optime

217 3724 362 3787 tuendum
386 3723 577 3807 episcopatus
603 3744 714 3788 munus
735 3725 801 3807 ipsa
827 3727 993 3789 multorum
1018 3746 1167 3791 annorum
1194 3730 1368 3793 exercitatio

217 3830 306 3902 atque
314 3820 497 3902 experientia
504 3842 575 3885 cum
584 3822 702 3904 egregia
711 3815 864 3889 voluntate
875 3825 1037 3904 conjuncta
1045 3824 1211 3905 plurimum
1219 3824 1366 3890 conferat.

215 3921 291 3980 Cum
309 3925 343 3980 tu
362 3917 462 3999 itaque
472 3919 645 3998 huJusmodi
660 3919 821 3982 voluntatis
832 3921 1019 3984 luculentum
1030 3941 1150 4005 semper
1163 3930 1252 3985 antea
1264 3924 1366 4006 speci-

216 4033 286 4076 men
299 4013 428 4092 dederis,
448 4033 576 4096 cumque
591 4016 749 4079 diuturnus
764 4015 803 4077 ad
821 4015 961 4080 virtutem
976 4017 1134 4081 accesserit
1156 4038 1259 4082 rerum
1274 4040 1366 4098 usus,

215 4111 287 4189 quid
314 4117 376 4189 est,
392 4112 579 4175 Venerabilis
601 4116 721 4192 Frater,
738 4113 821 4194 quod
840 4116 975 4198 corporis
990 4117 1177 4180 imbecillitas
1189 4119 1229 4180 ab
1244 4118 1367 4200 episco-

216 4209 276 4287 pali
290 4229 381 4291 opera
394 4210 552 4274 detrahere
564 4211 675 4293 possit,
690 4212 773 4293 quod
786 4210 866 4274 idem
881 4232 943 4276 non
958 4213 1193 4279 cumulatissime
1210 4214 1310 4281 ¹animi
1323 4216 1367 4278 tui

217 4305 336 4368 solertia
354 4307 573 4389 prudentiaque
590 4313 752 4390 pensetur?
774 4327 864 4390 quem
881 4317 967 4373 tanto
981 4317 1117 4392 tempore
1129 4309 1160 4372 in
1179 4310 1239 4374 ista
1254 4310 1366 4375 mode-

217 4401 311 4463 randa
321 4404 443 4468 Dioecesi
454 4405 590 4468 laborem
598 4407 735 4484 versasti,
750 4407 831 4469 idem
848 4407 902 4469 tibi
922 4407 953 4470 in
967 4408 1092 4490 proclivi
1112 4427 1179 4471 esse
1183 4408 1250 4488 jam
1261 4407 1364 4485 debet,

217 4517 314 4578 neque
326 4517 386 4563 non
395 4503 481 4566 tacite
492 4504 567 4583 geri,
577 4523 668 4584 quern
677 4505 728 4567 diu
736 4507 801 4583 jam
810 4505 945 4586 gesseris.
960 4509 1037 4585 ineo
1050 4507 1152 4596 itaque
1162 4506 1257 4586 gradu
1270 4506 1367 4569 liden-
