3188 5414
224 506 276 554 in
657 473 945 555 cxxnxennxsxrv

223 604 315 666 animi
338 605 431 665 nostri
455 604 693 683 jucunditatem,
720 622 814 683 quam
836 602 1034 683 percipimus,
1064 601 1320 687 quotiescumque
1342 602 1381 664 de

220 699 460 761 dilectissimam
480 701 597 762 Christo
617 700 679 761 filia
699 707 803 761 nostra
824 699 945 779 Aloysia
966 697 1062 759 Maria
1083 697 1175 777 Regia
1191 698 1380 760 Gallicarum

222 795 402 875 Principissa
412 802 465 857 tua
478 796 551 858 item
565 815 619 877 per
629 816 751 859 carnem
765 797 827 858 lilia
839 796 1019 876 cogitamus,
1029 795 1111 875 quod
1121 795 1245 875 quidem
1258 797 1381 861 assidue

221 892 364 969 tacimus,
379 911 557 974 semperque
576 893 664 955 nobis
683 894 861 954 obversatur
876 901 944 954 ante
958 892 1062 954 oculos
1081 891 1285 953 clarissimum
1304 893 1381 954 illud

222 988 350 1065 virtutis,
365 988 516 1067 religionis
541 1008 577 1051 ac
599 989 765 1052 sanctitatis
788 989 972 1069 exemplum,
999 987 1082 1068 quod
1105 993 1136 1049 et
1159 987 1219 1049 boc
1244 989 1380 1051 maxime

219 1096 311 1148 ornat
323 1089 458 1149 seculum
474 1094 611 1149 nostrum
626 1095 658 1150 et
674 1087 712 1149 ad
729 1092 867 1169 posteros
886 1085 1002 1147 illustre
1017 1104 1053 1147 ac
1064 1104 1125 1166 pra
1139 1085 1247 1156 ceteris
1261 1104 1380 1148 memo-

220 1186 349 1247 randum
373 1187 596 1248 transmittitur,
626 1188 712 1249 Nunc
739 1204 811 1248 vero
836 1204 905 1247 cum
929 1184 1104 1267 propiorem
1127 1184 1192 1262 jam
1215 1184 1379 1246 videamus

221 1283 305 1342 illum
326 1282 418 1360 diem,
433 1302 494 1362 quo
509 1284 574 1364 ipsa
591 1289 697 1345 exacto
713 1283 791 1344 sacri
811 1281 950 1357 tyrocinii
971 1299 1051 1342 anno
1064 1280 1182 1342 Christo
1196 1299 1311 1362 sponso
1323 1301 1379 1344 so-

221 1378 369 1440 lemnibus
380 1398 412 1440 se
422 1379 499 1440 votis
509 1379 688 1458 obstringet,
699 1378 874 1440 incredibile
886 1397 958 1440 sane
976 1384 1032 1455 est,
1044 1377 1199 1440 carissime
1212 1378 1244 1439 in
1259 1378 1378 1440 Christo

222 1473 263 1533 lili
279 1481 392 1551 noster,
407 1479 554 1554 quantum
577 1475 608 1535 in
629 1474 721 1536 Nobis
736 1475 879 1536 exuberet
902 1474 1063 1555 gaudium,
1077 1480 1253 1554 quantoque
1270 1475 1377 1537 incen-

220 1570 330 1631 damur
352 1570 498 1633 desiderio
516 1571 651 1633 letitiam
674 1572 753 1633 banc
772 1578 908 1635 nostram
932 1577 1033 1633 tecum
1054 1573 1318 1650 communicandi,
1341 1592 1378 1634 ac

221 1667 349 1744 iterum,
370 1667 628 1747 quemadmodum
647 1674 735 1729 antea
755 1667 898 1743 lecimuS,
920 1678 1039 1728 summa
1060 1674 1149 1747 alque
1160 1667 1311 1730 immensa
1322 1668 1376 1730 tibi

167 1811 169 1814 a
221 1763 429 1841 gratulationis
440 1783 475 1825 ac
488 1763 669 1825 laudationis
689 1763 789 1826 officia
806 1764 1004 1846 persolvendi.
1027 1767 1070 1825 Te
1091 1763 1172 1825 enim
1193 1765 1377 1828 eximiaeillae
1464 1838 1465 1842 η

222 1862 341 1923 laetandi
364 1882 461 1924 causa
482 1863 606 1944 propius
627 1863 790 1943 attingunt,
811 1863 862 1942 qui
879 1869 963 1924 tuam
981 1861 1221 1924 aurantissimam
1236 1863 1375 1925 sobolem

221 1963 347 2025 intueris
367 1969 430 2025 tam
451 1963 650 2042 singularibus
673 1961 782 2041 divinae
802 1960 904 2041 gratia
928 1960 1016 2022 donis
1037 1962 1223 2021 cumulatam
1245 1979 1283 2022 ac
1305 1963 1376 2042 plu-

221 2061 330 2120 rimam
345 2059 408 2140 ipse
421 2060 515 2121 habes
528 2059 558 2119 in
572 2058 682 2120 eximio
703 2059 762 2118 isto
773 2056 853 2118 lacto
871 2063 1001 2136 partem,
1024 2074 1095 2116 cum
1112 2055 1221 2118 divinis
1242 2057 1375 2118 consiliis

221 2158 353 2219 rationes
364 2163 432 2218 tuas
444 2175 548 2219 omnes
559 2157 739 2237 posthabere
750 2153 890 2216 volueris.
902 2156 1092 2234 Quamquam
1105 2153 1178 2233 quid
1189 2153 1235 2214 vel
1252 2154 1314 2214 tuis
1327 2157 1374 2215 vel

222 2262 280 2315 tuae
300 2254 398 2333 Regiae
419 2257 542 2331 Domus,
563 2260 652 2333 atque
669 2252 846 2332 amplissimi
862 2252 955 2330 Regni
969 2251 1153 2330 rationibus,
1172 2255 1375 2333 opportunius

221 2368 286 2409 esse
297 2368 430 2429 unquam
441 2355 542 2429 potest
551 2367 645 2429 quam
654 2347 733 2410 illius
744 2365 810 2428 quae
818 2354 952 2408 restrum
961 2347 1180 2409 studiosissima
1192 2348 1242 2425 sit,
1252 2351 1375 2428 Dcoque

222 2445 277 2524 ipsi
293 2444 504 2523 acceptissima
525 2444 714 2505 assiduarum
732 2461 858 2523 precum
877 2443 1010 2504 subsidio
1031 2444 1232 2530 communiri?
1247 2444 1375 2506 Mirifice

221 2540 323 2619 itaque
343 2540 374 2600 in
388 2558 425 2600 eo
445 2547 475 2601 et
492 2540 643 2620 religionis
667 2546 698 2600 et
717 2539 868 2619 sapientias
885 2545 944 2601 tuae
957 2538 1062 2601 laudes
1076 2541 1195 2602 elucent
1209 2546 1302 2620 teque
1325 2542 1375 2602 id-

220 2641 302 2701 circo
317 2640 448 2720 optimos
462 2660 528 2704 esse
547 2641 655 2703 divinae
668 2641 860 2721 benignitatis
879 2637 994 2702 lructus
1008 2649 1038 2703 et
1057 2643 1199 2723 privatim
1210 2649 1240 2704 et
1252 2643 1390 2724 publice

220 2744 444 2819 reportaturum
465 2741 630 2803 certissime
651 2740 842 2802 confidimus.
866 2741 942 2802 Cum
969 2740 1060 2820 igitur
1083 2741 1215 2802 maxima
1241 2740 1312 2802 inde
1335 2742 1374 2802 ad

220 2837 358 2915 laudem,
374 2857 409 2899 ac
426 2837 600 2900 felicitatem
619 2843 704 2900 tuam
718 2838 783 2914 lieri
797 2837 1000 2900 accessionem
1017 2837 1235 2918 intelligamus,
1256 2847 1374 2920 quanto

219 2954 381 3015 possumus
407 2937 499 2999 animi
520 2936 615 2998 nostri
637 2919 735 2998 studio
760 2936 853 2998 etiam
874 2941 964 3016 atque
987 2935 1080 2996 etiam
1098 2935 1152 2997 tibi
1166 2938 1371 3016 gratulamur,

219 3050 339 3112 unaque
360 3035 392 3094 in
414 3034 660 3096 communionem
678 3035 843 3113 quamdam
866 3033 1054 3110 accedimus,
1073 3039 1211 3115 paterna⁴
1223 3035 1374 3112 jucundi-

218 3131 289 3190 tatis
298 3137 358 3192 tuae
368 3150 404 3192 ac
412 3139 516 3194 nostro
524 3129 694 3209 etiamjurc
702 3131 864 3211 plurimam
872 3129 1008 3210 ejusdem
1016 3131 1077 3192 Nos
1086 3131 1243 3211 ipsiNobis
1253 3140 1375 3213 partem

221 3244 408 3304 arrogamus,
419 3229 565 3305 Majorem
576 3228 657 3288 enim
670 3245 741 3288 cum
754 3227 947 3289 dilectissima
957 3226 989 3288 in
1000 3227 1118 3289 Christo
1129 3228 1192 3289 iilia
1203 3215 1308 3291 nostra
1317 3248 1372 3292 ne-

220 3321 432 3384 cessitudinem
449 3323 541 3385 Nobis
558 3330 625 3384 tum
649 3324 880 3385 intercessuram
902 3324 1039 3386 videmus
1044 3348 1053 3403 3
1074 3325 1161 3404 cuius
1179 3331 1214 3387 ut
1237 3327 1376 3406 potiores

219 3418 311 3479 etiam
325 3419 486 3482 existerent
498 3438 612 3498 causae,
628 3420 731 3482 adesse
743 3422 804 3482 Nos
821 3421 890 3500 ipsi,
908 3440 944 3482 ac
955 3440 1082 3503 praeesse
1096 3429 1189 3485 tautae
1203 3415 1374 3489 celebritati

218 3534 413 3596 cuperemus,
432 3524 521 3599 atque
534 3518 672 3599 excipere
689 3518 720 3580 in
732 3537 840 3580 manus
859 3527 979 3581 nostras
990 3538 1058 3601 quae
1072 3522 1218 3583 solemnia
1229 3524 1377 3587 eritvota

217 3615 368 3695 religionis
382 3615 538 3678 emissura.
550 3617 627 3678 Huic
641 3616 797 3698 cupiditati
810 3625 920 3680 nostrae
933 3619 1079 3681 mirificus
1098 3619 1215 3682 accedit
1227 3622 1377 3686 stimulus

217 3734 255 3775 ex
273 3714 324 3777 illa
335 3716 527 3796 cogitatione,
543 3717 626 3798 quod
639 3724 680 3794 te,
700 3717 854 3785 carissime
871 3717 902 3777 in
917 3717 1035 3778 Christo
1046 3717 1088 3778 lili
1107 3724 1222 3796 noster,
1232 3725 1302 3782 tum
1323 3723 1375 3784 al-

217 3813 311 3892 loqui,
324 3820 355 3875 te
367 3814 540 3893 complecti,
554 3814 607 3875 tibi
620 3832 724 3875 coram
738 3819 842 3875 nostra
853 3813 891 3875 de
904 3821 951 3890 te,
970 3814 1090 3894 tuisque
1101 3817 1243 3878 omnibus
1255 3819 1373 3896 studia,

216 3909 271 3970 tibi
290 3915 449 3991 paternum
466 3911 548 3972 hunc
566 3912 702 3973 animum
726 3929 762 3972 ac
786 3911 951 3974 Pontificiae
974 3912 1108 3974 caritatis
1128 3915 1374 3994 magnitudinem

217 4007 300 4068 vultu
314 4006 379 4088 ipso
392 4017 482 4088 atque
496 4009 590 4071 oculis
602 4009 783 4071 emicantem
796 4027 974 4090 expromere
987 4016 1077 4089 atque
1089 4008 1219 4073 invicem
1232 4030 1375 4092 praesen-

169 4159 175 4167 .
217 4103 297 4164 tibus
311 4104 479 4185 religionis,
502 4103 534 4164 in
549 4121 604 4165 nos
615 4104 736 4185 pietatis
748 4111 838 4185 atque
852 4104 1048 4166 humanitatis
1060 4111 1118 4166 tue
1131 4105 1308 4192 clarissimis
1319 4108 1375 4172 in-

217 4199 302 4262 diciis
316 4201 458 4264 delectari
466 4203 582 4264 liceret.
596 4202 654 4263 Sed
663 4202 722 4264 boc
737 4221 797 4263 non
811 4202 867 4262 nisi
882 4211 987 4282 optare
998 4223 1033 4265 ac
1047 4203 1159 4284 lingere
1168 4205 1262 4268 etiam
1275 4210 1374 4273 Nobis

218 4296 255 4356 ad
271 4299 410 4362 solatium
421 4317 581 4380 possumus
587 4320 596 4375 3
612 4298 685 4360 illud
705 4317 776 4358 vero
790 4297 844 4359 etsi
864 4298 1003 4360 absentes
1017 4300 1149 4379 legitima
1170 4301 1305 4380 quadam
1319 4325 1373 4367 ra-

217 4392 298 4453 tione
313 4397 529 4475 praestabimus.
550 4395 718 4476 Delegimus
740 4395 820 4467 onim
842 4397 1051 4458 Venerabilem
1073 4400 1209 4459 Fratrem
1233 4401 1374 4463 Bernar-

217 4489 322 4554 ilinum
340 4494 606 4576 archiepiscopum
631 4498 850 4557 llarnasccnum
874 4502 1008 4558 nostrum
1028 4497 1109 4578 apud
1128 4506 1156 4558 te
1173 4493 1398 4566 ordmninm'
