3188 5414
238 525 290 576 ara
409 571 410 575 Ν
668 479 870 574 ennarrans
888 518 953 572 xrv
1065 548 1069 556 ,

235 624 436 687 Carmelitauc
446 624 567 697 Ordine,
577 624 664 702 cujus
672 622 841 685 institutum
849 619 1012 703 profiteris,
1020 619 1048 680 in
1058 619 1394 700 pristinamsanctitatia

236 722 356 785 landem
370 723 571 799 restituendo,
588 720 749 801 divinaque
761 719 887 800 proinde
907 717 938 778 in
954 735 991 779 oo
1005 718 1219 798 amplificanda
1239 719 1340 798 gloria
1356 722 1394 781 sit

234 820 405 898 contentio,
421 825 539 881 tantum
552 819 649 896 abest,
662 818 855 879 dilectissima
868 816 899 878 in
911 815 1029 878 Christo
1043 812 1104 878 filia
1120 824 1238 895 nostra,
1254 824 1288 879 ut
1298 814 1392 898 quid·

234 936 326 999 quam
339 920 477 996 obstare,
491 918 565 999 quin
586 917 640 979 tibi
653 916 868 997 gratificamur,
882 914 978 996 possit
992 919 1025 975 ut
1043 914 1136 976 ctiam
1157 914 1198 976 ad
1214 915 1393 996 obsequen-

234 1017 308 1098 dam
324 1016 471 1095 ejusmodi
486 1016 598 1097 optatis
612 1017 671 1078 tuis
686 1015 852 1077 incredibili
867 1014 1000 1095 quadam
1013 1013 1104 1077 animi
1117 1013 1275 1076 alacritate
1287 1015 1392 1076 inccn-

233 1115 351 1176 damur.
365 1116 409 1175 Eo
422 1115 524 1195 itaque
537 1113 638 1176 animo
650 1133 742 1194 quem
753 1121 785 1175 tu
796 1114 861 1194 ipsa
874 1113 928 1174 tibi
947 1112 985 1174 de
1000 1113 1170 1191 Nobis'jure
1183 1112 1323 1193 pollicita
1338 1130 1390 1189 es,

232 1212 403 1292 excepimus
417 1232 453 1273 ac
473 1213 625 1293 prosecuti
640 1231 744 1274 sumus
759 1210 906 1273 desideria
920 1217 974 1272 tua
987 1215 1021 1271 ut
1038 1209 1113 1271 nihil
1130 1208 1389 1290 interponendum

231 1328 322 1372 morae
343 1308 539 1386 duceremus,
560 1310 634 1389 quin
657 1310 763 1376 eadem
788 1310 953 1390 apostolica
975 1309 1156 1371 auctoritate
1177 1315 1247 1369 rata
1270 1315 1387 1384 esseut;

231 1406 488 1491 quemadmodum
511 1426 548 1468 ex
569 1409 738 1487 conjunctis
762 1407 872 1470 nostris
887 1408 917 1469 in
940 1406 1039 1468 forma
1052 1405 1156 1468 Brevis
1170 1405 1278 1466 litteris
1297 1405 1389 1466 intel-

230 1503 314 1582 liges.
331 1501 449 1563 Eadem
457 1547 466 1579 ,
478 1502 559 1582 quod
572 1521 590 1564 a
604 1503 697 1565 Nobis
708 1503 800 1564 etiam
813 1519 996 1582 magnopere
1017 1501 1178 1582 flagitasti,
1193 1503 1385 1573 curavimus,

144 1659 147 1667 ,
231 1607 264 1660 ut
274 1615 367 1679 quam
377 1598 521 1662 citissime
530 1599 752 1682 expedirentur,
769 1607 857 1680 atque
871 1597 971 1660 isthuc
984 1604 1106 1678 possent
1117 1597 1227 1659 idoneo
1237 1597 1278 1660 ad
1293 1614 1386 1678 agen-

230 1697 301 1760 dam
315 1695 590 1779 perficiendamque
601 1694 666 1759 rem
682 1706 818 1777 tempore
834 1695 1001 1776 pervenire.
1017 1695 1103 1755 Nunc
1115 1695 1212 1755 Deum
1221 1695 1258 1755 0.
1274 1695 1317 1756 bl.
1333 1712 1384 1755 re-

232 1796 388 1856 lrementer
398 1811 557 1876 precamur
571 1814 607 1856 ac
619 1795 814 1856 obsecramus
826 1801 860 1861 ut
874 1809 999 1873 operam
1011 1792 1092 1853 hanc
1103 1798 1242 1853 nostram
1254 1809 1310 1853 sna
1323 1791 1382 1872 ipse

228 1890 410 1971 benignitate
421 1891 565 1953 secundet
579 1911 614 1954 ac
624 1892 782 1974 provehat,
796 1895 898 1972 Teque
909 1891 1053 1972 preclara
1067 1889 1267 1958 sancciatma
1278 1890 1383 1959 matris

191 2011 196 2022 ·
228 1996 284 2049 ture
298 1988 436 2068 exempla
450 1996 645 2050 renovantem
659 1989 767 2056 celesti
782 1987 921 2069 prasidio
933 1988 1051 2049 muniat
1068 2007 1104 2049 ac
1115 1993 1280 2064 sustentet,
1293 1994 1383 2068 atqua

227 2086 305 2146 lianc
317 2086 410 2147 ctiam
421 2085 522 2165 gloria
533 2084 738 2148 accessionem
753 2083 844 2147 saciat
855 2082 1067 2146 llorentissimo
1078 2100 1172 2163 regno
1188 2082 1383 2152 carbdmiin

227 2182 343 2244 Christo
357 2181 409 2242 lrlii
422 2183 516 2244 nostri
528 2181 673 2254 Ludovici
687 2183 872 2243 Francorum
885 2181 974 2260 regis,
989 2179 1233 2243 christianissimi
1247 2182 1383 2261 parentis

226 2279 285 2355 tui,
296 2279 361 2358 qui,
371 2296 432 2359 qua
443 2287 490 2340 est
498 2279 527 2339 in
537 2281 634 2349 Deum
640 2276 798 2357 religione,
811 2283 901 2358 atque
909 2277 940 2338 iu
949 2276 1100 2358 tepietats
1107 2321 1116 2354 ,
1129 2294 1185 2338 sua
1193 2283 1300 2340 tecum
1308 2295 1381 2340 con-

156 2461 159 2467 !
222 2375 321 2452 junxit
335 2375 449 2457 studia,
462 2374 614 2462 Nobisque
623 2392 680 2455 per
691 2373 836 2435 dilectum
847 2374 944 2436 filium
954 2380 1092 2436 nostrum
1104 2372 1304 2440 Franciscum
1314 2377 1381 2436 loa.

225 2470 359 2532 chinium
369 2472 400 2538 S,
415 2472 451 2539 lt,
465 2473 501 2540 E,
514 2470 725 2550 presbyterum
735 2469 923 2554 Gardinalem
932 2470 971 2532 de
982 2471 1086 2543 chis
1096 2473 1253 2552 postrdata
1263 2472 1316 2540 illa
1329 2481 1381 2538 tua

224 2567 445 2640 accuratissime
454 2567 687 2637 commendarit.¹
699 2567 796 2651 segia
807 2566 886 2629 illius
895 2568 1041 2632 voluntati
1052 2569 1253 2636 libentissime
1260 2587 1380 2638 morem

223 2666 371 2744 gerimus,
387 2671 565 2747 tantumque
585 2664 814 2747 sapientissimis
826 2664 910 2727 hisce
929 2666 1063 2729 consiliis
1075 2669 1142 2746 ejus
1161 2675 1255 2749 atque
1269 2669 1380 2734 officiis

223 2763 402 2842 tribuimus,
417 2768 565 2856 quantum
579 2761 693 2833 meritis
705 2761 765 2822 tuis
775 2769 833 2822 tue
844 2761 925 2824 laudi
937 2769 996 2824 tua
1010 2762 1111 2838 virtuti
1126 2763 1274 2829 lavamus.
1292 2767 1378 2840 Quod

223 2861 345 2951 quidem
368 2880 404 2923 eo
420 2860 604 2934 cumulatius
623 2859 768 2936 facimus,
783 2876 845 2939 quo
864 2858 894 2920 in
908 2859 969 2923 tuis
988 2861 1027 2922 ad
1041 2861 1136 2922 Deum
1150 2861 1294 2942 precibus
1308 2880 1379 2929 arn«

223 2961 320 3048 pliona
341 2959 449 3036 Nobis,
466 2958 619 3033 Ecclesia,
640 2976 676 3021 ac
696 2955 751 3037 ipsi
772 2955 980 3018 amantissimo
994 2958 1111 3038 parenti
1131 2959 1376 3038 tnoaojurnenta

220 3058 352 3126 extitura
366 3057 557 3127 confidimus,
569 3057 615 3144 Ac
626 3053 656 3124 in
668 3052 791 3123 uberius
801 3052 960 3133 singularis
972 3053 1003 3114 in
1015 3059 1046 3117 tc
1056 3054 1203 3135 pontificii
1219 3055 1313 3118 animi
1324 3057 1375 3137 pi-.

220 3173 296 3231 gnus
317 3155 514 3236 apostolicam
538 3152 778 3223 benedictionem
793 3152 873 3231 tibi,
899 3151 1093 3216 dilectissima
1114 3154 1146 3214 in
1171 3153 1289 3215 Christo
1308 3153 1372 3220 tilia

222 3259 342 3328 anostra,
357 3252 463 3313 intimo
477 3253 594 3333 paterni
607 3251 707 3318 cordis
721 3269 811 3311 sensu
823 3249 1027 3313 amantissime
1037 3249 1239 3332 impertimur.
1255 3251 1369 3316 Datum
1454 3247 1456 3258 '

223 3335 334 3424 Romae,
352 3355 423 3417 etc„
440 3351 488 3409 dte
505 3361 541 3408 aa
557 3351 664 3436 aprilis
680 3359 755 3417 1172
766 3392 775 3422 ,
784 3352 979 3426 pontificatur
991 3353 1087 3417 nostri
1102 3353 1291 3418 econtratio.

700 3473 858 3487 ..--.-.

729 3587 852 3661 CXCV.
929 3639 932 3646 -

476 3746 645 3789 CAlilSSlMO
668 3747 701 3787 ΙΝ
725 3748 857 3798 CllltlsTO
881 3747 965 3790 FILIO
987 3746 1108 3794 NOSTBO

325 3851 540 3914 s'ranrsaao
559 3852 741 3914 auaus'ro
763 3851 945 3922 aaronis
965 3856 1058 3914 asar
1080 3814 1261 3923 raausrsr

526 3976 761 4055 CLEMENS
787 3977 916 4062 ΡΑΡΑ
944 3976 1050 4054 XIV.

975 4138 1073 4194 aona,
1087 4114 1206 4196 asapius
1220 4091 1287 4189 stra.
1341 4158 1344 4163 -

259 4244 430 4315 Carissimo,
456 4249 512 4302 etc.
538 4240 746 4303 Venerabilem
769 4236 905 4307 Fratrem
922 4242 1089 4322 losephum
1105 4212 1370 4322 archiepiscopum

216 4338 331 4416 Beryti,
343 4339 429 4416 cujus
443 4337 561 4417 egregia
574 4356 665 4419 opera
678 4341 740 4400 Nos
751 4339 796 4400 usi
808 4357 923 4417 sumus,
936 4340 1048 4420 quique
1057 4337 1258 4418 singularibus
1272 4337 1369 4405 animi

216 4431 389 4509 virtutibus,
401 4433 548 4509 candore,
559 4433 718 4512 religione,
728 4433 881 4512 doctrina,
896 4453 931 4495 ac
944 4435 1102 4514 prudentia
1111 4443 1141 4497 et
1155 4435 1366 4498 ornatissimus

215 4537 259 4590 est
267 4575 275 4608 ,
289 4537 319 4590 et
332 4530 424 4591 Nobis
438 4528 768 4606 commendatissimirs,
782 4549 852 4592 cum
863 4530 1047 4596 difficillimis
1062 4531 1145 4592 hisce
1157 4531 1365 4611 temporibus,
