3188 5414
485 478 665 537 uersuouu
682 481 728 534 ar
747 481 879 537 uanum
896 463 1121 537 suuuorroua
1326 490 1380 540 aas

239 584 330 646 etiam
345 601 503 663 geramus,
516 600 654 666 novaque
673 585 712 646 ad
722 592 753 646 te
771 585 1008 648 transmittamus
1020 586 1256 664 existimationis,
1271 587 1381 666 studii,

242 680 418 763 amorisque¹
430 683 524 746 nostri
542 682 670 762 indicia,
689 701 755 765 qua
773 701 843 744 oum
861 682 921 744 sint
934 700 971 744 ex
990 683 1055 765 ipsa
1068 683 1179 764 pietate
1192 684 1379 764 acreligionc

240 781 345 861 petita,
356 782 526 861 gratissima
538 781 593 843 tibi
606 787 695 861 atquc
705 779 912 862 acceptissima
923 779 987 842 lora
999 797 1061 841 non
1071 778 1255 842 dubitamus.
1269 780 1388 861 Excipe

238 877 340 957 igitur,
350 880 479 959 quatibi
490 879 616 942 dilectus
629 879 708 941 filius
719 896 820 941 comes
830 878 868 940 de
879 878 1026 961 Partengo
1038 876 1136 951 isthuc
1148 875 1266 938 rediens
1276 883 1379 938 nostro

236 977 358 1046 nomine
382 979 504 1058 reddet,
527 996 647 1040 sacrum
669 977 804 1040 aNohis·
816 991 944 1054 munus,
964 975 1040 1038 duas
1058 974 1172 1037 scilicet
1185 976 1256 1037 Jesu
1272 975 1378 1040 Christi

237 1065 404 1140 servatoris
418 1077 512 1140 nostri
523 1077 647 1157 ejusque
659 1076 846 1138 Beatissimae
858 1073 962 1145 Matris
980 1072 1093 1152 efligies
1107 1071 1138 1132 iu
1152 1071 1269 1152 jaspide
1281 1071 1379 1139 orien-

236 1173 288 1234 tali
304 1175 451 1256 soulptas,
466 1193 562 1256 eoque
582 1174 682 1235 animo
700 1173 804 1254 excipe
818 1179 850 1235 ut
863 1189 925 1233 nou
938 1168 977 1232 ad
996 1169 1038 1232 rei
1052 1168 1182 1250 pretium
1195 1168 1293 1249 impar
1307 1188 1378 1231 sane

236 1270 322 1350 regiae
336 1272 523 1353 amplitudini
537 1280 610 1351 tua,
628 1272 682 1334 sed
696 1272 732 1334 ad
746 1271 880 1351 ejusdem
894 1269 1085 1333 sanctitatem
1100 1268 1264 1349 respexisse
1278 1269 1378 1332 videa-

234 1367 285 1428 ris.
298 1370 398 1450 Atque
411 1388 479 1432 eam
489 1376 523 1432 ut
536 1372 702 1433 auctiorem
713 1368 921 1445 redderemus,
933 1366 1130 1448 apostolicam
1140 1365 1377 1430 benedictionem

232 1462 437 1542 adjunximus,
458 1472 659 1548 pratereaque
673 1463 783 1546 apertis
795 1464 887 1526 Nobis
898 1463 1067 1526 commissis
1082 1463 1219 1533 Ecclesia
1231 1463 1377 1527 thesauris

230 1561 379 1639 Majestati
391 1566 479 1638 Tua,
494 1564 742 1645 quotiescumque
763 1561 874 1626 festivis
893 1562 998 1625 diebus
1020 1561 1127 1624 Christi
1147 1562 1266 1624 Domini
1283 1564 1377 1627 beata

230 1656 330 1719 blariae
343 1659 483 1738 Virginis,
496 1668 669 1723 sanctorum
689 1662 743 1722 Xll
758 1661 971 1740 Apostolorum
987 1677 1023 1720 ac
1044 1660 1172 1721 aliorum
1183 1661 1375 1739 Sanctorum,

230 1773 309 1834 quos
321 1755 352 1816 in
372 1757 537 1839 precipuos
553 1765 698 1840 patronos
713 1764 782 1821 tuos
795 1756 934 1843 delegisti
945 1756 1117 1837 confessus,
1137 1776 1173 1819 ac
1185 1777 1270 1819 sacra
1288 1778 1376 1822 com-

232 1854 375 1916 munione
395 1855 524 1919 refcctus
544 1877 648 1919 coram
665 1857 800 1936 ejusdem
819 1857 998 1936 imaginihus
1013 1875 1117 1937 preces
1135 1863 1203 1918 tuas
1223 1858 1261 1918 ad
1279 1862 1374 1923 Deum

234 1970 291 2031 pro
304 1953 451 2031 Ecclesia,
474 1973 530 2036 pro
543 1955 655 2032 Nobis,
675 1972 732 2035 pro
750 1960 930 2032 tuatuaeque
949 1955 1062 2014 Domum
1081 1971 1118 2014 ac
1132 1953 1216 2032 regui
1235 1952 1375 2016 felicitate

229 2047 357 2127 luderis,
373 2051 539 2131 plenariam
552 2058 748 2134 peccatorum
758 2048 973 2132 indulgentiam
984 2049 1176 2113 concedimus
1189 2069 1225 2112 ac
1237 2049 1374 2132 imperti-

235 2165 315 2208 mur.
335 2144 368 2210 ld
379 2167 450 2210 cum
462 2149 592 2213 studiose
603 2169 658 2232 pro
672 2150 783 2232 pietate
798 2149 830 2210 iu
843 2152 939 2211 Deum
950 2154 1003 2210 tua
1020 2147 1180 2230 sae'pissime
1192 2149 1372 2230 prestiteris,

186 2309 187 2313 ,
230 2243 343 2325 tibique
360 2246 419 2308 hac
431 2247 540 2326 etiam,
555 2266 621 2328 quae
634 2247 756 2310 aNobis
766 2245 984 2328 suppeditatur,
997 2245 1112 2328 ratione
1127 2244 1227 2307 diviua
1237 2247 1373 2326 praesidia
1422 2296 1423 2300 ,

228 2359 405 2423 comparare
419 2344 574 2424 sategeris,
587 2343 755 2406 maximum
765 2361 837 2405 sane
847 2343 908 2404 Nos
916 2359 1014 2422 opera
1028 2341 1159 2422 pretium
1171 2342 1276 2404 fecisse
1286 2344 1371 2406 vide-

229 2437 341 2518 bimur,
356 2438 438 2519 quod
453 2458 524 2501 eum
540 2439 571 2501 in
589 2439 714 2502 modum
725 2438 922 2520 comprobare
935 2437 1001 2515 tibi,
1020 2445 1050 2499 et
1062 2437 1239 2501 confirmare
1250 2441 1371 2521 magui-

230 2535 367 2598 tudinem
378 2537 489 2598 amoris
499 2536 530 2599 in
547 2544 577 2600 te
594 2537 688 2600 nostri
707 2535 896 2600 voluerimus.
914 2537 1094 2617 Magnopere
1105 2537 1261 2618 cupimus,
1282 2545 1370 2620 teque

226 2650 383 2711 rogamus,
401 2641 434 2694 ut
447 2633 479 2695 id
496 2633 595 2715 ipsum
612 2634 667 2696 tibi
689 2635 781 2697 etiam
793 2641 883 2716 atque
896 2635 989 2697 etiam
1001 2637 1202 2716 persuadeas,
1216 2638 1369 2701 carissime

228 2728 258 2788 in
271 2729 388 2791 Christo
401 2729 444 2791 fili
456 2736 567 2809 noster,
583 2731 755 2812 anobisque
766 2749 802 2793 ea
815 2731 917 2794 omnia
924 2749 1042 2813 semper
1053 2739 1208 2812 expectes,
1220 2753 1369 2815 quacum-

229 2841 287 2901 que
308 2842 326 2884 a
345 2814 469 2905 paterna
487 2825 517 2886 iu
539 2832 568 2887 te
580 2827 705 2889 caritate
724 2833 839 2906 nostra,
860 2835 890 2891 et
906 2828 1047 2908 singulari
1061 2847 1097 2890 ac
1110 2847 1246 2908 summa,
1259 2850 1320 2911 qua
1338 2839 1368 2894 te

228 2920 467 3000 complectimur,
483 2922 689 2984 benevolentia
696 2913 845 3005 proficisci
857 2943 991 3005 unquam
1004 2932 1158 3007 poterunt.
1173 2929 1295 2990 Interim
1305 2949 1368 2992 coe-

166 3022 169 3029 '
229 3016 347 3078 lestium
356 3018 586 3098 beneficiorum,
604 3039 737 3102 veraque
751 3021 899 3085 felicitatis
920 3024 1072 3105 auspicem
1094 3026 1290 3106 apostolicam
1310 3029 1367 3090 be-

224 3115 427 3177 nedictionem
438 3116 585 3202 MaJestati
598 3120 686 3196 Tua,
695 3117 809 3180 Liberis
819 3137 855 3180 ac
863 3119 1005 3181 univcrsae
1016 3119 1112 3200 Regiae
1121 3121 1250 3184 Familia
1260 3122 1365 3185 intimo

221 3213 341 3294 paterni
359 3214 451 3277 animi
465 3232 555 3277 seusu
574 3215 778 3278 amantissime
799 3215 999 3297 impertimur.
1017 3220 1130 3280 Datum
1150 3221 1264 3292 Rana,
1285 3224 1367 3301 opud

221 3315 361 3375 Sanctum
376 3317 503 3375 Mariam
516 3315 680 3392 dejerant,
692 3313 747 3374 sab
759 3314 882 3376 Annulo
904 3317 1088 3391 Piscatoris,
1111 3318 1161 3380 die
1186 3329 1223 3379 aa
1245 3324 1366 3398 augusti

226 3419 314 3482 tuta,
323 3413 516 3489 pontificatus
530 3415 626 3474 nostri
638 3429 717 3472 anno
730 3414 846 3488 quicto.
961 3441 963 3444 ·

701 3621 900 3692 CCXXXIV.

470 3769 641 3812 canrssuffl
662 3770 696 3822 lut
719 3771 853 3813 cnulsro
876 3772 969 3813 1³11.OE
991 3772 1118 3815 NOSTRAE

408 3856 565 3917 MARIAE
600 3857 813 3920 ANTONIAE
847 3859 1168 3935 FERDINANDAE,

555 3964 713 4012 sueonum
725 3965 851 4015 onoma
866 3967 1021 4028 mausum,

517 4051 750 4131 CLEMENS
792 4056 920 4132 PAPA
960 4057 1066 4134 XIV.

954 4198 1049 4258 Romae,
1065 4203 1094 4246 28
1106 4198 1198 4258 augusti
1217 4202 1283 4247 1773.
1372 4234 1374 4238 ψ

261 4283 499 4352 durissimam.
512 4283 581 4342 lam
594 4280 711 4361 pridem
722 4300 792 4344 cum
805 4282 945 4364 singulari
960 4285 1050 4346 animi
1064 4285 1157 4346 nostri
1172 4285 1362 4364 jucunditate

218 4377 330 4458 optime
339 4381 526 4458 perspectam
535 4376 681 4440 habemus
692 4378 840 4459 egregiam
853 4381 1017 4459 Maiestatis
1029 4384 1099 4444 Turre
1110 4382 1263 4463 pietatem,
1276 4393 1305 4446 et
1320 4386 1358 4448 ab

216 4473 289 4554 ipsis
303 4471 488 4535 incunabulis
501 4471 652 4552 haustam,
665 4493 700 4535 ac
712 4474 807 4554 magis
818 4475 848 4537 in
863 4474 926 4538 dies
939 4479 1147 4541 confirmatam
1161 4479 1251 4543 divini
1261 4484 1359 4545 cultus
