3188 5414
438 549 446 585 ,
469 500 649 555 EPISTOLAE
667 501 860 554 manevus
881 500 1114 555 sentations.
1315 502 1362 556 tet

705 684 874 755 CLXXIV.

402 848 404 853 ¹
449 836 452 847 “
478 829 642 887 cxnrssruo
665 844 700 885 nr
722 842 857 886 cnnrsro
881 842 964 884 aruo
987 829 1106 882 rvosrno

317 918 541 1018 tsrxurs'txo
562 903 741 1001 Ancusro
762 912 941 999 rotoma
962 939 1056 998 naar
1076 938 1253 999 nauseas

504 1040 765 1131 ¹CLEMENS
792 1053 921 1141 PAPA
947 1051 1055 1131 XIV.

929 1204 1025 1260 Romae,
1041 1203 1071 1251 tt
1086 1199 1218 1250 decembris
1235 1204 1301 1250 ¹771.

217 1365 221 1374 ,
262 1301 440 1369 Carissimo,
461 1304 517 1360 otc.
541 1296 673 1358 Perculsi
693 1296 856 1358 incredibili
875 1297 978 1359 dolore
999 1296 1126 1374 luimus,
1142 1315 1212 1358 cum
1232 1297 1364 1376 primum

195 1423 199 1431 .
218 1395 376 1458 horribiles
390 1394 449 1473 illi,
462 1393 572 1475 quibus
586 1393 774 1455 conflictatus
785 1412 817 1455 es
829 1439 837 1471 ,
848 1412 947 1471 casus,
968 1393 1071 1473 visque
1087 1394 1183 1473 Regia
1194 1392 1260 1454 vita
1270 1394 1363 1470 illata,

217 1512 254 1556 ac
268 1491 406 1555 intentati
415 1491 468 1552 tibi
479 1490 604 1574 pericmi
615 1489 791 1569 magnitudo
802 1490 894 1552 Nobis
903 1490 1129 1552 nunciarentur.
1144 1491 1205 1552 Etsi
1217 1510 1365 1553 nossem-

217 1610 271 1672 per
288 1596 376 1652 antea
387 1589 499 1651 conscii
512 1596 620 1651 nostrae
640 1586 776 1669 plurimae
793 1595 912 1667 erga‘te
925 1587 1056 1649 caritatis
1075 1586 1249 1666 fuissemus,
1265 1608 1301 1650 ex
1313 1590 1365 1650 illo

217 1696 338 1764 tamen,
351 1705 412 1765 quo
432 1684 530 1749 allecti
543 1692 609 1746 turn
627 1691 716 1766 atque
731 1685 866 1764 oppressi
880 1701 957 1764 pene
971 1702 1109 1761 aramue,
1129 1684 1235 1758 intimo
1248 1687 1365 1766 paterni
1391 1682 1392 1686 ’

217 1785 309 1846 animi
338 1801 426 1843 sensu
449 1787 595 1862 quantum
619 1788 649 1842 te
678 1779 888 1860 diligeremus,
916 1780 1047 1841 maxime
1074 1781 1279 1860 cognovimus.
1305 1783 1365 1843 Sed

216 1881 368 1942 ereximus
388 1895 461 1955 nos,
482 1877 635 1940 carissime
655 1875 686 1937 in
700 1875 816 1938 Christo
835 1875 878 1935 fili
902 1882 1024 1952 noster,
1041 1894 1076 1936 ac
1095 1894 1156 1937 non
1176 1879 1366 1940 mediocriter

218 1975 440 2052 recreavimus,
455 1992 525 2035 cum
540 1975 571 2037 in
586 1978 653 2034 tuto
665 1970 759 2044 vitam
769 1977 856 2032 tuam
867 1989 932 2032 esse
941 1970 1088 2051 positam,
1108 1990 1143 2032 ac
1156 1973 1297 2054 singulari
1311 1976 1364 2036 Dei

218 2073 364 2136 beneficio
381 2078 530 2134 servatam
542 2089 579 2132 ex
592 2069 651 2132 tuis
670 2068 836 2152 praesertim
853 2069 961 2146 literis,
974 2089 1049 2150 quas
1071 2071 1263 2151 cupidissime
1281 2091 1365 2134 acce-

219 2173 334 2255 pimus,
346 2170 588 2251 intelligeremus.
604 2167 712 2230 Statim
733 2168 835 2247 itaque
849 2167 1053 2229 convertimus
1068 2167 1281 2247 cogitationem
1292 2186 1366 2230 nos-

219 2278 298 2332 tram
313 2268 351 2330 ad
374 2265 481 2329 Deum
491 2266 536 2328 0.
549 2267 590 2328 bl.
610 2266 697 2344 cuius
710 2265 810 2327 effuse
823 2265 853 2325 in
867 2271 898 2326 te
916 2265 1130 2328 misericordia,
1140 2283 1217 2347 pene
1229 2265 1366 2346 prodigia

218 2361 801 2443 suntaNobisanimadversa,eidemque
808 2363 1082 2426 etincolumitatem
1088 2361 1365 2427 commendavimus

218 2459 638 2549 tuam'etquantaslmaxirnas
646 2459 802 2541 potuimus
811 2459 1009 2541 persolvimus
1018 2459 1147 2540 gratias;
1161 2477 1197 2521 aa
1206 2466 1366 2541 propterea

219 2557 311 2621 etiam
328 2557 367 2621 ad
380 2558 513 2623 Polonioe
525 2557 816 2638 nationis'templum
826 2576 897 2620 cum
909 2557 1022 2620 ibidem
1033 2577 1088 2639 pro
1105 2557 1201 2636 Regia
1208 2549 1368 2636 Maiestate

219 2659 283 2718 Tua
300 2657 504 2738 vota'publice
519 2657 645 2735 herent,
660 2656 863 2736 perreximus,
877 2656 992 2738 tibique
1006 2653 1364 2736 secunminposterum,

218 2752 334 2832 fausta,
350 2772 385 2816 ac
397 2753 498 2815 felicia
519 2753 620 2815 omnia
634 2755 749 2833 precati
759 2772 878 2816 sumus.
896 2753 1137 2834 lllud'pra'cipue
1157 2751 1287 2813 adivina
1302 2753 1367 2816 cle-

220 2851 332 2912 mentia
346 2841 612 2912 'obsecrationibus
633 2850 754 2912 nostris
768 2850 994 2928 contendimus,
1020 2856 1054 2911 ut
1074 2847 1366 2911 turbulentissimum

220 2965 325 3008 rerum.
346 2945 473 3007 istarum
494 2952 607 3007 satum
625 2945 665 3007 ad
687 2965 756 3008 eam
778 2947 1048 3027 tranquillitatem,
1066 2965 1104 3008 ac
1123 2957 1231 3026 paoem
1252 2943 1365 3005 referre

220 3043 343 3104 tandem
353 3043 441 3119 velit,
459 3041 538 3104 unde
557 3043 707 3105 maximus
721 3061 781 3104 suae
794 3043 894 3122 glarie
907 3037 1037 3120 fructus,
1059 3042 1218 3107 Catholicae
1230 3040 1367 3106 videlicet

221 3141 373 3220 religionis
388 3141 520 3218 utilitas,
538 3158 574 3200 ac
588 3140 732 3222 pristinus
739 3139 831 3202 isthic
845 3139 964 3221 pietatis
984 3140 1125 3221 splendor
1138 3141 1258 3209 existat.
1273 3138 1368 3204 Exci<
1432 3176 1434 3183 ,

220 3245 264 3300 tat
274 3239 353 3300 hanc
370 3239 401 3300 in
414 3238 507 3300 Nobis
518 3255 623 3318 spem,
645 3237 798 3299 carissime
812 3236 844 3298 in
854 3237 979 3304 'Christo
995 3236 1037 3299 lili
1049 3244 1169 3313 nester,
1183 3235 1368 3298 admirabilis

221 3337 271 3397 illa
284 3335 375 3398 divini
391 3335 505 3399 consilii
526 3335 620 3415 ratio,
631 3321 692 3417 qua
706 3342 735 3398 te
748 3334 933 3416 apericulis,
946 3341 1062 3414 atquea
1079 3339 1178 3394 morte
1188 3332 1366 3400 vindicavit.

221 3434 306 3508 Quod
327 3432 439 3496 idcirco
457 3433 572 3496 factum
584 3432 749 3495 certissime
766 3433 804 3493 ab
818 3451 854 3494 eo
866 3431 984 3493 videtur
996 3449 1077 3506 esse,
1092 3436 1168 3495 ulte
1189 3429 1364 3509 superstite,

121 3553 132 3572 =
221 3540 332 3610 tuaque
347 3550 438 3611 opera
448 3575 456 3609 ,
468 3538 522 3592 tua
537 3531 648 3592 virtute
661 3529 797 3591 turbatas
811 3529 904 3607 Regni
920 3528 1005 3590 istius
1023 3528 1221 3609 Ecclesiaeque
1233 3527 1366 3588 rationes
1472 3545 1476 3556 “

222 3625 379 3687 stabiliret.
393 3629 502 3688 Gratus
519 3626 618 3689 eidem
629 3628 782 3707 protento
800 3625 946 3687 beneficio
965 3625 1060 3704 magis
1080 3639 1218 3693 essenon
1233 3626 1364 3706 poteris,

222 3723 501 3804 quamsi-recepta
514 3724 600 3787 abeo
611 3723 680 3785 vitae
697 3728 820 3784 cursum
837 3742 970 3800 omnem,
986 3742 1159 3803 omnesque>
1170 3723 1266 3804 regias
1277 3742 1367 3791 curas

222 3819 321 3881 cidem
343 3819 522 3899 obstringas⁴
540 3838 576 3880 ac
599 3819 757 3881 devoveas.
779 3820 876 3881 Multo
895 3815 960 3881 tum
983 3819 1080 3899 magis
1099 3823 1200 3900 palam
1224 3821 1365 3883 omnibus

222 3917 313 3979 tocies
328 3936 420 3998 quam
436 3918 515 3979 leves
529 3923 619 3996 atque
637 3915 741 3979 inanes
753 3915 812 3979 sint
824 3917 964 3999 speciosa
976 3917 1031 3980 ille
1042 3917 1280 3982 adversariorum
1294 3924 1366 3979 tuo-

223 4032 292 4074 rum
311 4013 530 4091 excusationes,
543 4013 656 4093 qui-se,
677 4023 710 4076 ut
731 4016 822 4093 nosti,
837 4016 968 4079 nationis
980 4035 1039 4077 sure
1053 4018 1122 4095 jura
1132 4030 1321 4096 propugnare
1335 4023 1366 4076 et

223 4111 380 4172 Catholicae
403 4111 556 4191 religionis
582 4112 794 4176 auctoritatem
813 4113 890 4175 tueri
910 4113 1098 4193 profitentur.
1113 4114 1224 4182 Nulla·
1238 4111 1364 4192 quidem

122 4246 125 4252 ·
222 4226 288 4269 esse
301 4212 573 4288 unquam-possunt
590 4226 650 4269 non
664 4208 888 4290 improbandae,
905 4229 942 4275 ac
953 4230 1077 4292 prorsus
1088 4210 1278 4292 repudianda
1294 4217 1365 4279 ran-‚⁴

223 4313 325 4366 torum
342 4305 521 4367 facinorum
533 4324 648 4380 cauam
666 4307 731 4372 illas
744 4317 846 4371 tamen
869 4308 961 4390 ipsas,
975 4295 1170 4390 quaecumque
1190 4307 1363 4384 alterantur,

219 4403 364 4465 facillime
376 4411 441 4482 tum
455 4405 903 4470 concitatae'etiam-multitudini
917 4407 1026 4488 eripies
1036 4426 1072 4468 ac
1081 4405 1282 4486 extorquebis,
1293 4425 1363 4474 crim

223 4499 481 4578 nrrlliusmajora,
504 4521 595 4581 qivarn
615 4508 666 4567 trtrt
681 4524 736 4584 pro
757 4504 902 4583 religione¹
911 4504 1075 4585 patriisque
1093 4502 1205 4583 legibus
1218 4523 1282 4564 caso
1298 4511 1363 4566 stu-
