3188 5414
480 495 660 549 EPISI'OLAE
675 494 721 547 ET
741 493 873 547 Bnnvm
892 493 1121 546 SELECTIORI.
1321 495 1371 545 tes

226 601 311 662 rendi
324 600 497 676 necessitas,
513 585 708 679 legitimaque
722 602 881 679 propterea
896 616 931 657 uc
940 602 1011 657 tute
1025 613 1129 658 coram
1143 599 1204 656 Deo
1214 602 1303 675 atque
1317 598 1372 656 Eo·
1395 657 1398 661 .

225 699 317 760 clesia
332 697 463 758 actiones
477 696 521 756 hae
543 702 647 757 vestre
665 694 778 771 lorent,
798 699 958 773 ratumque
971 692 1118 773 quidquid
1136 698 1196 752 ate
1221 693 1259 752 ad
1280 695 1372 773 ipsius

225 793 397 855 monasterii
405 792 575 869 utilitatem,
584 809 620 852 ac
631 789 799 870 religIosam
806 789 872 850 vite
880 790 1028 851 rationem
1036 788 1212 850 sanciretun
1223 790 1283 850 Nos
1292 790 1371 850 enim

224 898 422 972 preterquam
443 887 529 969 -quod
543 887 667 949 minime
690 887 880 967 agnoscimus
904 887 965 948 ullo
979 885 1104 948 rationis
1124 885 1233 947 robore
1248 885 1303 946 niti
1317 905 1369 964 ea,

221 989 333 1068 quibus
346 984 705 1048 decretalcmlnnocentii
720 986 760 1044 lll
773 984 997 1064 predecessoris
1015 984 1111 1045 nostri
1124 1002 1193 1064 cap.
1208 986 1283 1046 Cum
1295 991 1370 1046 tem·

223 1080 304 1164 pore'
312 1085 372 1146 Tit.
384 1083 423 1169 de
436 1082 576 1144 Arbitris.
590 1099 651 1143 non
663 1082 774 1143 habere
785 1081 848 1142 vim
858 1082 931 1161 legis
943 1081 1031 1142 isthic
1045 1079 1254 1157 contenditur,
1262 1099 1371 1161 snper-

209 1176 386 1243 'vacaneam
400 1199 482 1242 nunc
495 1198 559 1242 esse
572 1179 653 1242 ha'nc
667 1180 754 1241 deca
770 1179 916 1240 Decretali
927 1177 1122 1258 questionem
1133 1177 1285 1255 videmus,
1300 1195 1371 1238 cnm

222 1278 295 1339 illud
310 1279 526 1354 monasterium
546 1277 586 1339 sit
610 1278 640 1339 in
663 1276 841 1356 Burgundio
855 1275 1019 1354 Comitatu,
1045 1274 1096 1337 ubi
1114 1274 1265 1368 recordari
1285 1274 1371 1337 facile

223 1381 327 1455 potes,
342 1376 450 1437 dilecte
461 1376 504 1436 fili
522 1387 635 1453 noster,
653 1382 683 1435 te
704 1375 803 1457 ipsum
820 1375 894 1436 alias
904 1375 1072 1436 declarasse
1090 1380 1121 1434 et
1139 1373 1370 1452 decretales,‚et

223 1473 399 1535 universum
417 1491 527 1554 corpus
538 1473 614 1552 juris
630 1474 809 1535 canontcum
829 1491 916 1535 snam
928 1473 991 1534 vim
1009 1472 1081 1552 legIs
1101 1471 1239 1532 retinere.
1256 1453 1370 1532 Sendc

224 1569 271 1630 bis
285 1569 372 1650 ipsis,
385 1570 482 1651 deque
495 1568 668 1650 hujusmodi
683 1571 760 1647 aliis,
775 1590 841 1653 quae
852 1571 883 1631 iu
894 1571 1021 1650 epistola
1030 1575 1084 1631 tua
1096 1567 1288 1630 continentur
1298 1568 1370 1655 ubo

206 1667 284 1745 ,rius
297 1667 442 1748 intelliges
451 1687 486 1731 ex
498 1667 667 1730 Venerabili
681 1670 784 1729 Fratre
797 1666 982 1730 BemanlIno
991 1665 1225 1745 Archiepiscopo
1241 1665 1370 1725 Damas-

219 1784 297 1828 ceno
316 1769 437 1830 -Nuncio
459 1774 578 1846 nostro,
599 1768 638 1830 ad
655 1787 748 1849 quem
770 1775 909 1832 accurate
926 1767 1070 1848 prescribi
1091 1764 1288 1842 mandamus,
1302 1781 1370 1844 que
1401 1789 1403 1795 ·

121 1903 125 1911 -
222 1863 262 1923 ad
283 1881 346 1924 rem
362 1865 529 1944 pertinent,
546 1883 671 1945 quaque
689 1865 792 1927 referri
810 1865 864 1926 tibi
884 1871 989 1926 nostro
1006 1864 1128 1925 nominc
1146 1882 1182 1924 ao
1194 1862 1368 1942 responderi

222 1961 371 2023 volumus.
385 1962 472 2036 Quod
485 1961 634 2044 reliquum
653 1970 715 2041 est,
732 1963 795 2024 cliae
811 1967 1020 2042 exemptarum
1033 1958 1285 2022 monasteriorum
1299 1976 1369 2018 mc-

219 2057 330 2136 niales,
365 2079 410 2121 ua
423 2060 545 2122 subesse
563 2059 742 2129 immediate
754 2065 812 2122 tuae
820 2059 983 2140 episcopali
992 2056 1192 2137 jurisdictioni
1205 2056 1369 2117 vehemen-

219 2163 277 2232 ter,
291 2161 325 2216 nt
343 2157 462 2231 scribis,
486 2164 643 2243 exoptant,
658 2157 722 2218 haec
736 2176 753 2219 a
768 2156 861 2218 Nobis
872 2157 1035 2244 postulare
1046 2155 1119 2234 ipsse
1135 2153 1263 2226 debent,
1275 2159 1368 2233 tuque

219 2271 297 2332 una,
312 2254 419 2316 dilecte
434 2255 476 2319 fili
493 2262 606 2334 noster,
622 2256 708 2334 cujus
718 2254 832 2334 judIcio
846 2251 1071 2334 prudentiaque
1083 2250 1214 2312 maxime
1230 2249 1377 2326 fidimus,

219 2358 292 2411 tunc
308 2351 346 2413 ad
358 2354 419 2414 Nos
437 2352 639 2414 transmittere
655 2369 852 2433 quecumque
867 2350 905 2412 ad
918 2348 1083 2411 eorundem
1096 2346 1301 2422 fundationes,
1317 2365 1367 2406 re-

218 2449 320 2527 gulas,
341 2449 495 2530 privilegia
507 2469 543 2511 ac
561 2456 738 2532 presentem
756 2467 858 2511 rernm
876 2440 1011 2532 omnium
1026 2453 1139 2508 statum
1154 2445 1320 2526 pertinent,
1334 2452 1367 2505 ut

219 2545 265 2607 bis
276 2547 433 2628 perspicue
444 2547 585 2629 cognitis,
599 2548 760 2610 decernere
770 2547 826 2608 rite
837 2545 920 2628 quod
930 2564 967 2607 ex
979 2550 1083 2606 nostra
1096 2544 1251 2624 equitate,
1267 2561 1302 2602 ac
1311 2561 1367 2603 ec-

176 2666 178 2670 ·
220 2643 359 2706 rumdem
370 2645 497 2706 utilitate
515 2644 553 2706 sit
565 2646 731 2707 valeamus.
748 2646 877 2706 Domum
888 2644 919 2705 iu
933 2643 1116 2706 cumulatius
1127 2648 1236 2703 nostrae
1253 2660 1325 2722 erga
1336 2648 1366 2702 te

216 2747 349 2820 paterne
357 2744 492 2805 caritatis
503 2751 713 2823 argumentum
723 2743 918 2823 apostolicam
928 2741 1167 2803 benedictionem
1177 2740 1244 2818 tibi,
1256 2739 1366 2802 dilecte
1456 2821 1459 2828 Ι

219 2837 262 2898 fni
280 2845 396 2918 noster,
417 2846 534 2920 tueque
556 2838 625 2900 lldci
644 2839 807 2900 commisso
826 2839 940 2918 populo
956 2844 1148 2919 peramanter
1158 2838 1363 2920 impertimur.

218 2939 335 3023 Datum
352 2939 467 3015 Rome,
482 2946 553 3015 etc,
571 2939 619 2997 dic
636 2949 671 2997 18
682 2938 847 2997 decembris
863 2947 950 3013 1771,
967 2940 1158 3014 pontificatus
1173 2940 1269 2998 nostri
1286 2954 1367 3026 cano

217 3038 319 3096 tertio.
1093 3048 1096 3054 ’

650 3271 653 3274 ⁴
703 3255 873 3327 CLXXIII.
952 3270 953 3277 ’

496 3464 497 3469 1
630 3414 818 3458 versunam
842 3414 957 3458 raarnr

414 3521 625 3583 nntnclsco
646 3515 949 3586 ARCHIEPISCOPO
968 3525 1169 3585 MEXICANO

467 3729 469 3734 ,
532 3640 764 3722 CLEMENS
792 3646 917 3723 PAPA
947 3646 1053 3723 XIV.
1091 3663 1092 3666 ’

939 3797 1032 3857 Rornae,
1049 3799 1076 3844 19
1092 3769 1224 3847 decembris
1238 3799 1303 3848 1770.

264 3901 466 3974 Venerabilis,
483 3909 538 3962 etc.
565 3902 743 3984 Accepimus
756 3910 865 3982 tuum,
880 3902 1067 3966 Venerabilis
1080 3905 1194 3981 Frater,
1203 3905 1291 3986 ‚quod
1304 3923 1365 3967 non
1383 3955 1386 3962 .
1474 3902 1476 3909 '

212 4000 362 4068 tametio
375 3998 643 4081 quarnernditioni
660 4019 695 4062 ac
707 4000 850 4066 doctrina
863 4001 1000 4082 debetur,
1018 4020 1144 4082 munus,
1160 4004 1365 4085 majoremque

220 4097 396 4160 immodum
409 4098 685 4161 commendavimus
703 4101 838 4164 animum
856 4091 949 4164 tuum,
960 4100 1145 4164 iisdeditum
1163 4101 1285 4179 studiis,
1299 4121 1366 4183 qua

219 4194 351 4256 maxime
373 4213 444 4257 cum
462 4194 681 4277 episcopalibus
696 4196 775 4279 curis
792 4197 983 4262 consentiunt
999 4216 1035 4260 ac
1052 4198 1083 4261 in
1096 4199 1234 4260 Ecclesia
1251 4198 1364 4261 bonum

220 4291 425 4354 redundatura
439 4291 516 4371 sint,
532 4300 622 4374 atque
642 4294 734 4355 etiam
755 4295 921 4358 faciliorem
939 4296 993 4358 tibi
1017 4297 1098 4359 viam
1110 4297 1227 4358 lactura
1241 4297 1279 4359 ad
1291 4299 1365 4360 Con·
1479 4334 1481 4338 ·

219 4391 324 4453 cilium
338 4392 538 4470 ProvIncIale,
551 4392 633 4473 quod
651 4394 706 4456 rite
718 4395 869 4456 celebrare
888 4395 1033 4474 statuisti,
1046 4403 1080 4458 ut
1092 4395 1240 4477 praeclaris
1252 4397 1364 4477 praede-

218 4507 373 4551 cessorum
389 4499 510 4553 tuorum
532 4493 673 4574 exemplis
691 4493 841 4555 insisteres
860 4512 895 4555 ac
913 4512 1087 4572 renovares,
1110 4500 1198 4575 atque
1219 4494 1362 4576 ampliora

1215 4607 1256 4657 ld.
