3188 5414
469 487 651 543 EPlSTOLAE
668 488 713 542 ET
731 489 864 543 BREVIA
883 489 1114 572 subteriora.
1310 501 1361 548 2³7

220 593 292 664 Quae
307 597 371 651 tum
383 590 446 651 lieri
467 611 485 652 a
506 593 598 654 Nobis
610 600 750 673 oportere
765 591 794 654 in
806 594 934 657 Domino
948 595 1138 673 videbuntur,
1155 601 1363 661 communica«
1451 607 1453 611 ’

221 687 280 748 turi
296 695 394 748 tecum
408 705 512 749 sumus
527 696 616 770 teque
629 690 787 752 nobiscum
800 691 1008 771 conveniente,
1022 700 1055 754 ut
1073 695 1252 756 confidimus
1262 696 1363 757 decre-

221 784 292 845 turi.
312 783 355 846 Aa
369 784 399 845 in
421 784 580 865 singularis
593 793 724 867 paterna
741 787 875 850 caritatis
886 789 994 870 pignus
1008 791 1203 872 apostolicam
1220 792 1363 855 benedie-

221 882 336 943 tionem
359 883 500 962 Augusta
525 885 672 963 Majestati
696 888 767 948 Tua
796 886 999 950 amantissime
1024 888 1223 970 impertimur.
1251 894 1386 962 Datam,

219 980 332 1051 Rama,
348 981 430 1059 apad
441 981 582 1042 Sanctam
595 985 725 1042 Mariam
739 984 898 1058 Majaaem,
913 985 967 1044 saa
982 988 1103 1046 Aaaalo
1122 974 1301 1058 P'isaatoav's,
1314 989 1365 1048 die

222 1087 358 1143 dmartii
371 1092 464 1160 1774,
472 1085 663 1161 pontificatus
675 1085 772 1142 nostri
781 1098 863 1141 acco
872 1086 986 1160 putato.
1346 1072 1348 1078 ’

712 1201 875 1215 *—

722 1314 854 1384 CCLlX.

602 1471 734 1515 utuucro
755 1473 837 1516 mlo
860 1474 980 1517 NOSTBO

539 1576 790 1643 ‘ruaudusco
820 1580 1013 1645 JOACHIMO

425 1691 532 1744 rtrum
548 1687 573 1745 s‘.
591 1697 750 1746 smvnsrm
766 1699 799 1747 nv
816 1699 927 1772 carun
942 1697 1154 1760 purermano,

313 1804 337 1849 S.
356 1804 384 1850 R,
402 1804 429 1849 Ε.
448 1803 615 1851 cnnumnln
630 1804 672 1850 DE
687 1803 811 1864 BERNIS,
825 1804 1074 1853 aucflmrlsooro
1090 1805 1266 1864 anulorum,

524 1908 758 1999 CLEMENS
784 1909 912 1985 PAPA
939 1908 1045 1986 XIV.

909 2092 910 2096 ,
1008 2059 1101 2116 Roma,
1112 2065 1127 2106 9
1138 2058 1217 2105 martii
1232 2063 1298 2108 1774.

260 2155 376 2216 Dilecta
385 2200 394 2231 ,
409 2161 464 2214 ata.
487 2154 604 2236 Optime
622 2155 746 2235 cognita
756 2155 810 2217 tibi
827 2160 897 2217 sunt
911 2155 1050 2217 maximae
1060 2157 1297 2236 gravissimeque
1311 2177 1363 2218 ra-

219 2252 316 2314 tiones
326 2252 434 2333 quibus
444 2253 557 2315 inducti
568 2253 678 2316 fuimus
687 2259 720 2315 ut
730 2254 867 2316 ordinem
880 2253 1029 2317 societatis
1040 2256 1112 2316 Jesu
1123 2273 1176 2334 per
1186 2255 1373 2334 apostolicas·

224 2350 255 2412 in
269 2349 367 2412 forma
379 2349 482 2411 Brevis
493 2350 594 2412 literas
611 2350 660 2412 die
676 2361 709 2411 21
721 2350 788 2429 julii
803 2351 871 2412 anni
884 2351 1020 2431 proxime
1032 2352 1172 2432 preteriti
1186 2352 1272 2413 datas
1285 2353 1369 2413 abo:

218 2449 357 2510 leremus.
374 2446 520 2510 Nimirum
535 2448 617 2509 bunc
630 2447 661 2508 in
672 2447 797 2509 modum
808 2466 932 2528 pacem,
944 2455 974 2510 et
987 2449 1179 2510 concordiam
1189 2450 1220 2510 in
1231 2449 1362 2510 Ecclesia

219 2566 362 2624 evocare,
377 2553 409 2608 et
427 2546 606 2610 constituere
620 2547 794 2610 volebamus
816 2571 823 2609 :
844 2547 926 2628 quod
944 2547 1071 2609 assiduis
1088 2531 1310 2610 carissimorum
1331 2548 1361 2608 in

221 2642 337 2706 Christo
355 2644 503 2722 filiorum,
524 2663 559 2705 ac
573 2643 737 2724 presertim
750 2643 989 2706 Christianissimi
1003 2645 1080 2724 regis
1091 2646 1360 2725 postulationibuS,

219 2763 236 2803 a
258 2741 350 2804 Nobis
361 2743 470 2819 luerat,
483 2747 516 2802 ut
526 2742 668 2821 preclare
678 2743 769 2819 nosti,
785 2740 854 2818 diu,
869 2740 1242 2820 multumquellagitatum.
1258 2744 1361 2820 ltaque

219 2841 283 2901 baec
297 2840 336 2901 ad
350 2845 381 2901 te
394 2839 570 2914 scribimus,
585 2837 693 2898 dilecte
713 2837 755 2896 fili
780 2843 893 2912 noster,
908 2854 969 2896 non
989 2842 1053 2896 tam
1067 2842 1101 2894 ut
1114 2842 1248 2895 nostram
1262 2836 1292 2895 iu
1311 2837 1361 2897 illo

218 2936 331 3016 jndicio
345 2942 429 2998 tanta
442 2933 575 3011 consilii,
590 2953 625 2995 aa
635 2931 781 3012 temporis
790 2931 963 2992 maturitate
978 2949 995 2992 a
1011 2930 1103 2991 Nobis
1121 2937 1258 3011 suscepto
1277 2946 1361 2993 cons-

216 3033 363 3111 tantiam,
373 3031 496 3094 minime
508 3030 588 3092 enim
599 3036 645 3090 est
658 3046 797 3105 necesse,
808 3026 1031 3104 confirmemus,
1043 3045 1134 3106 quam
1144 3034 1177 3087 ut
1186 3033 1270 3088 tuam
1280 3047 1362 3107 egre·

217 3130 298 3211 giam
311 3148 436 3211 operam
454 3128 547 3191 Nobis
563 3127 778 3207 adjungamus,
789 3124 870 3207 quod
883 3123 957 3185 illud
970 3125 1049 3186 idem
1061 3123 1207 3203 judicium
1225 3131 1361 3187 nostrum

218 3228 313 3308 magis
323 3228 353 3289 in
362 3227 426 3289 dies
439 3225 545 3288 stabile
553 3232 654 3287 ratum
668 3242 703 3285 ac
713 3224 835 3286 firmum
846 3228 1029 3304 praestemns.
1043 3225 1112 3298 Qua
1122 3223 1176 3286 abs
1187 3230 1216 3286 te
1224 3224 1362 3306 cupimus

219 3326 375 3406 perlibenti
390 3324 491 3386 animo
505 3324 656 3386 facturum
668 3329 697 3383 te
708 3323 831 3385 omnino
843 3322 1037 3395 confidimus,
1047 3342 1176 3403 cumque
1187 3330 1217 3385 et
1229 3326 1260 3385 S.
1273 3327 1310 3386 R.
1323 3328 1358 3385 E.

219 3422 382 3484 dardinalis
405 3429 435 3483 et
454 3419 679 3501 Arebiepiscopi
701 3415 876 3500 persanam,
892 3427 922 3481 et
936 3421 1008 3501 regii
1027 3420 1107 3501 apud
1120 3423 1181 3483 Nos
1195 3421 1360 3484 administri

219 3538 338 3580 summa
358 3539 429 3581 cum
441 3519 530 3580 laude
542 3517 700 3594 sustineas,
720 3516 885 3597 plurimum
899 3518 978 3598 apud
992 3525 1021 3579 te
1034 3518 1192 3578 valituram
1209 3518 1360 3594 videmus,

220 3624 250 3678 et
262 3617 352 3695 hujus
371 3618 486 3678 Sancta
499 3615 583 3678 Sedis
597 3616 807 3678 auctoritatem
828 3623 859 3676 et
880 3616 1058 3698 episcopalis
1077 3617 1209 3677 muneris
1228 3619 1361 3696 gravita-
1392 3636 1395 3642 ³

220 3725 282 3776 tem
300 3721 330 3775 et
348 3713 436 3794 Regis
450 3712 542 3793 ipsius
555 3713 751 3775 voluntatem.
766 3712 858 3774 Nobis
872 3713 961 3792 igitur
975 3720 1146 3794 pergratum
1163 3713 1269 3790 facies,
1282 3732 1361 3774 una-

220 3833 278 3893 que
292 3814 347 3875 bas
358 3817 404 3875 tot
417 3811 586 3874 nominibus
597 3811 753 3892 impositas
764 3811 818 3872 tibi
829 3819 930 3891 partes
941 3810 997 3872 rite
1008 3829 1145 3891 perages,
1158 3810 1183 3872 si
1194 3809 1279 3871 dabis
1292 3829 1361 3890 ope·
1413 3890 1415 3896 Ι

224 3930 308 3986 ram,
323 3917 400 3972 utet
414 3908 568 3972 carissimo
579 3908 608 3969 in
621 3909 737 3972 Christo
748 3908 810 3970 lilio
826 3914 929 3970 nostro
938 3906 1089 3968 Ludovieo
1102 3907 1164 3986 regi
1175 3904 1360 3968 Christianis·

222 4007 297 4069 simo
308 4009 475 4069 luculenter
486 4006 635 4081 declares,
651 4024 743 4085 quam
757 4005 816 4064 fixa
827 4011 857 4065 et
874 4010 1014 4064 constans
1024 4011 1126 4064 nostra
1141 4004 1178 4064 sit
1192 4003 1221 4064 in
1237 4001 1361 4063 consilio

222 4106 314 4166 semel
322 4105 396 4168 inito
408 4103 555 4167 sententia
567 4108 597 4164 et
605 4103 831 4164 Venerabilibus
842 4102 933 4162 etiam
942 4101 1095 4162 Fratribus
1104 4099 1258 4180 Episcopis
1268 4099 1361 4159 eolle-

221 4201 266 4280 gis
280 4202 310 4262 in
324 4202 418 4265 Gallia
429 4201 508 4280 tuis,
525 4220 593 4281 quae
604 4219 690 4261 mens
701 4206 803 4262 nostra
817 4199 906 4261 luerit
924 4199 954 4260 in
971 4199 1007 4261 iis
1020 4199 1157 4261 omnibus
1168 4216 1221 4277 per
1237 4202 1361 4278 aposto-

223 4299 314 4360 lieum
323 4303 417 4361 Breve
429 4299 623 4361 decernendis
635 4300 736 4380 palam
752 4280 844 4360 facias
851 4321 860 4374 3
877 4315 912 4359 aa
925 4297 1088 4378 prasertim
1105 4296 1252 4376 significes
1263 4314 1361 4374 quan-

223 4407 325 4479 topere
344 4407 499 4478 optemuS,
513 4403 545 4458 ut
561 4417 626 4478 qua
642 4400 703 4459 Nos
718 4416 773 4478 pro
793 4396 929 4470 Ecclesia
947 4396 1073 4457 utilitate
1087 4395 1257 4470 sanximus,
1273 4402 1361 4474 atque

221 4496 336 4561 executi
351 4516 453 4560 sumus
461 4544 469 4577 ,
485 4496 589 4559 iisdem
602 4515 705 4559 omnes
721 4500 858 4556 accurate
872 4513 1048 4575 sununaquo
1060 4491 1220 4553 Nobiscum
1240 4511 1362 4555 consen-
