3188 5414
372 563 375 567 .
478 514 663 568 EPlsl'oum'
681 514 726 567 ΕΤ
744 515 876 568 BREVlA
896 515 1128 571 SELECTIORA.
1324 523 1371 573 301

229 624 259 678 et
281 618 391 678 nuncio
410 624 519 709 postro
538 618 568 678 in
591 618 621 679 id
644 618 743 698 ipsum
768 619 951 679 incumbenti
973 619 1146 681 adiuturum
1168 627 1371 699 expectamus

229 716 314 774 Hanc
327 709 474 792 egregiam
489 731 612 793 operam
628 714 792 793 apostolico
811 721 864 775 tuo
874 714 1050 792 ministerio,
1063 721 1175 796 tuoque
1188 718 1301 777 Domus
1316 720 1371 777 Do

229 809 300 870 mini
319 803 438 870 tuendae
451 809 549 869 studio
565 815 796 870 consentaneam
807 828 845 870 co
866 810 982 871 enixius
996 819 1055 872 ate
1068 811 1221 891 poscimus
1235 829 1270 872 ac
1285 812 1373 892 flagi-

228 914 327 992 tamus
343 923 404 986 quo
423 905 517 984 magis
531 905 562 992 in
583 905 662 967 avita
676 905 805 967 Poloniae
824 905 894 967 fidei
916 908 1073 969 sanctitate
1094 908 1249 970 retinenda
1270 928 1373 971 veram
1477 979 1481 987 ,

229 1022 264 1065 ac
277 1003 404 1065 solidam
419 1004 498 1065 illius
513 1004 689 1076 utilitatem,
705 1024 740 1066 ac
751 1010 894 1066 aeternam
908 1006 1076 1067 animarum
1089 1008 1217 1068 salutem
1226 1007 1372 1068 contineri

230 1101 430 1180 agnoscimus,
456 1104 551 1162 Deum
574 1101 727 1181 Optimum
750 1100 915 1163 Maximum
937 1121 1109 1181 precamur,
1127 1110 1161 1165 ut
1188 1122 1248 1165 suae
1269 1104 1372 1182 gratiae

230 1199 494 1260 auxilio'eximiam
514 1199 593 1260 bauo
611 1206 696 1259 tuam
714 1200 745 1259 in
760 1198 946 1260 defendendo
961 1199 1060 1260 divino
1083 1200 1166 1261 cultu
1186 1200 1373 1261 voluntatem

229 1298 355 1375 muniat,
370 1304 400 1359 et
414 1298 584 1376 confirmet,
598 1316 633 1358 ac
644 1297 807 1359 caelestium
822 1296 1037 1358 beneficiorum
1054 1298 1206 1378 auspicem
1221 1305 1251 1359 et
1262 1305 1371 1360 nostrai

223 1391 385 1473 'singularis
411 1395 442 1454 in
465 1401 496 1455 te
523 1393 656 1456 caritatis
682 1399 791 1455 testem
815 1394 1010 1474 apostolicam
1034 1395 1274 1457 benedictionem
1299 1396 1369 1462 tibi.
1395 1431 1400 1439 -

227 1491 412 1552 Venerabilis
436 1493 549 1571 Frater,
567 1499 678 1573 tuoque
704 1492 842 1553 universo
859 1491 940 1570 gregi
959 1498 1150 1571 peramanter
1169 1493 1368 1573 impertimur.

229 1591 338 1651 Datum
348 1592 456 1661 Romae,
464 1598 536 1667 etc,
547 1593 596 1652 dte
609 1603 643 1652 10
652 1594 762 1670 aprilis
773 1593 1157 1669 1773,pontificatasnestrt
1164 1611 1242 1652 oneo
1251 1599 1368 1672 quarto.

709 1720 880 1731 -ι-ω--υ-

705 1829 868 1899 CCLXlll.

456 1986 672 2029 nluecrtssmto
693 1986 727 2026 ln
750 1984 883 2027 cnfllsro
906 1981 991 2027 FlLlO
1015 1984 1135 2026 NOSTRO

576 2081 795 2143 FREDERICO
816 2081 1013 2155 AUGUSTO,

368 2199 536 2246 saxoure
559 2198 661 2258 num,
687 2197 711 2244 s.
738 2199 765 2245 a.
792 2193 1228 2254 r.ra1uo1r1uuaorom,

532 2300 764 2381 CLEMENS
791 2301 920 2427 Peru
947 2299 1053 2376 XIV.

803 2517 804 2521 Ἰ
895 2516 898 2523 ¹
994 2450 1303 2513 ltomae,16aprilis177⁴i.

264 2553 476 2623 Dilectissimo,
493 2559 548 2613 etc.
561 2551 671 2614 Detulit
685 2551 777 2618 Nobis
790 2558 843 2612 tuo
857 2550 978 2614 nomine
993 2550 1120 2613 dilectus
1129 2551 1208 2613 tilius
1219 2551 1367 2614 Consilia-

224 2648 286 2709 rius
299 2651 429 2711 loannes
443 2649 612 2711 Ludovious
622 2650 791 2711 Bianoonus
804 2648 949 2711 eximium
963 2654 994 2709 et
1008 2648 1124 2728 regimn
1143 2649 1233 2728 plane
1255 2668 1290 2710 ac
1302 2651 1367 2712 sin-

223 2745 318 2824 gulari
338 2763 428 2824 opere
445 2763 482 2806 ex
501 2746 674 2825 porcellana
690 2746 860 2808 confectum
882 2763 1008 2822 munus,
1032 2744 1171 2825 idemque
1191 2746 1251 2806 tuis
1268 2748 1367 2810 verbis

224 2841 334 2902 amoris
350 2841 381 2901 in
398 2841 459 2902 Nos
479 2859 515 2903 ac
532 2841 650 2922 pietatis
665 2842 843 2921 plenissimis
858 2848 903 2903 est
921 2841 1156 2903 cumulatissime
1177 2849 1363 2920 prosecutus.

223 2938 403 3018 Excepimus
416 2939 445 2999 id
458 2941 519 3001 Nos
529 2940 650 3020 quidem
664 2939 730 3019 pari
743 2946 807 3000 tam
820 2938 944 3018 egregie
955 2938 1169 3000 munificentias
1180 2945 1240 3000 tuae
1254 2942 1366 3003 volun-

222 3042 333 3097 taleae
355 3037 501 3115 majorem
520 3036 551 3098 in
567 3036 693 3100 modum
708 3036 849 3114 adjuncto
869 3036 1006 3116 pretiose
1028 3035 1069 3096 illi
1090 3035 1223 3097 materia
1240 3037 1365 3100 artifieio

223 3154 338 3215 usuque
356 3140 501 3216 praeterea
512 3134 559 3195 'ad
570 3152 661 3214 quem
676 3133 779 3197 omnia
794 3133 947 3195 elaborata
959 3140 1045 3211 sunt,
1067 3152 1103 3196 ac
1116 3133 1181 3214 ipsa
1201 3134 1366 3216 imaginum

223 3233 331 3314 quibus
343 3233 475 3295 maxime
486 3232 645 3309 afficimur,
658 3231 757 3312 specie
768 3251 872 3297 sumus
884 3231 1032 3295 delectati.
1045 3233 1102 3296 Sed
1114 3233 1365 3312 jucundissimum
1396 3295 1399 3303 i

222 3349 282 3410 pre
302 3331 416 3399 caeteris
433 3330 490 3391 luit
502 3329 675 3411 hujusmodi
690 3330 781 3393 animi
801 3330 831 3391 in
844 3330 906 3392 Nos
918 3330 978 3408 tui,
996 3331 1186 3394 dilectissime
1199 3332 1231 3394 in
1248 3333 1365 3396 Christo

223 3428 264 3488 lili
285 3433 397 3500 noster,
423 3417 644 3505 testimonium,
668 3446 759 3510 quem
788 3428 867 3490 enim
887 3429 933 3490 ob·
952 3430 1192 3510 preclarissimos
1216 3437 1364 3513 tantaeque

222 3527 335 3585 Domus
349 3525 505 3605 splendore
516 3532 734 3589 consentaneas
750 3525 876 3587 virtutes
886 3528 1051 3606 presertim
1065 3545 1136 3588 vero
1150 3527 1189 3588 ob
1203 3527 1361 3608 religionis,

222 3621 399 3701 pietatisque
418 3621 659 3685 studia-maximi
674 3639 792 3702 semper
811 3621 953 3699 fecimus,
966 3641 1001 3684 ae
1019 3623 1125 3685 intima
1138 3630 1263 3704 paterna
1283 3626 1365 3688 cari-

222 3725 283 3780 tate
300 3720 447 3800 complexi
461 3738 577 3798 sumus,
593 3720 749 3808 abeodem
767 3737 837 3782 cum
848 3719 1033 3781 intueremur
1046 3739 1140 3783 novas
1151 3722 1230 3783 ultro
1249 3740 1285 3782 ac
1300 3729 1365 3784 tam

221 3818 348 3880 illustres
357 3818 456 3880 afferri
468 3818 676 3892 confirmandi,
693 3824 782 3898 atque
803 3817 1005 3898 amplificandi
1018 3818 1128 3880 amoris
1141 3820 1235 3881 nostri
1245 3837 1363 3897 causas,

220 3905 595 3997 incredibilem-quemdam
607 3933 731 3977 summe
742 3913 903 3995 voluptatis
913 3932 1035 3976 sensum
1047 3915 1247 3996 percepimus.
1260 3919 1363 3996 ltaque
1476 3951 1480 3956 ·

221 4012 405 4075 immortales
414 4013 468 4075 tibi
488 4012 601 4093 gratias
622 4011 732 4075 idcirco
747 4018 778 4074 et
795 4011 905 4081 referre
925 4014 985 4075 Nos
997 4018 1026 4075 et
1041 4014 1152 4077 habere
1172 4017 1362 4096 profitemur,

220 4109 419 4191 omnibusque
438 4117 529 4191 gratae
547 4109 709 4173 voluntatis
722 4109 845 4187 officiis,
866 4116 1013 4189 quantum
1030 4112 1162 4174 maxime
1183 4130 1362 4195 possumus,

220 4206 401 4287 amplissime
421 4206 651 4287 respondemus..
668 4205 846 4286 Adiunxeris
866 4206 1003 4286 profecto
1028 4214 1092 4269 tam
1112 4208 1228 4271 eximiae
1248 4215 1307 4272 tuae
1330 4210 1361 4272 in

219 4305 279 4364 Nos
293 4304 414 4384 pietatis
434 4302 600 4382 cumulum,
622 4304 743 4386 siquod
769 4304 886 4386 assequi
904 4305 979 4368 satis
997 4306 1093 4369 verbis
1107 4325 1169 4367 non
1183 4325 1362 4387 possumus

218 4401 248 4463 id
264 4401 302 4463 de
315 4402 407 4463 Nobis
425 4402 604 4483 tibimetipse
622 4402 785 4467 certissime
803 4402 997 4482 persuaseris.
1010 4404 1080 4466 'Etsi
1093 4392 1277 4468 sensus'hos
1288 4423 1361 4467 nos-

218 4506 279 4560 tros
296 4498 374 4560 idem
386 4499 564 4578 bauconus,
573 4501 630 4581 >qui
647 4501 751 4578 adluit,
765 4520 799 4562 ac
813 4503 964 4582 perspexit
974 4503 1055 4564 adte
1069 4502 1292 4582 diligentissime
1304 4521 1360 4584 pro
