3188 5414
235 525 285 576 loo
664 517 864 572 cachinnus
882 518 945 571 xlv

234 624 326 686 animi
340 624 529 702 jucunditate
547 642 608 684 non
629 623 778 685 recordari
794 622 937 690 carissimi
957 623 987 683 in
1001 622 1119 684 Christo
1143 623 1194 684 lilii
1212 625 1312 687 nostri
1326 626 1382 688 Jo-

234 721 319 801 sephi
338 721 525 800 Portugalliae
545 726 575 781 et
596 720 805 799 Algarbiorum
829 719 916 798 Regis
936 719 1132 797 fidelissimi,
1153 720 1191 782 de
1214 738 1277 801 quo
1302 742 1381 804 saepe

234 825 322 879 antea
334 836 388 879 vos
403 818 522 880 allocuti
536 835 640 879 sumus
652 823 682 878 et
693 833 931 879 commemorare
942 834 1021 877 nova
1032 835 1069 878 ac
1083 815 1211 878 illustria
1229 836 1292 878 suae
1309 837 1383 898 erga

234 916 294 975 Nos
316 920 406 995 atque
420 914 712 996 haucApostolicam
729 913 837 976 Sedem
858 913 1095 991 coniunctionis,
1115 915 1243 993 amoris,
1257 916 1381 997 pietatis

233 1009 417 1072 testimonia.
440 1010 554 1071 Eadem
571 1028 652 1070 nunc
670 1007 861 1090 potissimum
880 1009 973 1071 Nobis
989 1009 1123 1071 declarat
1145 1017 1237 1091 atque
1256 1012 1380 1075 exhibet

232 1126 352 1168 summa
368 1107 418 1168 illa
431 1106 525 1168 nostri
541 1124 611 1185 erga
625 1123 657 1166 se
672 1104 776 1182 studii,
796 1104 1013 1185 singularisque
1026 1103 1163 1166 caritatis
1174 1105 1303 1186 fiducia,
1318 1126 1380 1190 qua

234 1206 309 1286 petit
330 1205 468 1281 aNohis,
490 1211 524 1265 ut
546 1203 663 1264 Bullam
682 1201 825 1263 cruciata
842 1218 898 1280 pro
912 1200 1024 1262 tuenda
1036 1201 1294 1283 propagandaque
1313 1205 1379 1266 reli-

231 1302 321 1381 gione
337 1302 504 1364 institutam
515 1317 712 1376 renovemus,
735 1305 824 1378 atque
838 1299 1015 1360 auctoritate
1033 1298 1200 1378 apostolica
1212 1301 1379 1364 confirme-

233 1417 311 1459 mus.
322 1397 570 1478 acceptissimum
577 1395 699 1476 quidem
707 1403 752 1458 est
760 1396 1006 1478 Nohisquidquid
1014 1398 1053 1458 ab
1060 1397 1257 1480 illius,quem
1268 1401 1378 1464 eximie

230 1495 398 1576 diligimus,
418 1494 564 1575 sapientia
581 1493 730 1574 proficisci
752 1512 887 1575 unquam
905 1502 1022 1576 potest3
1048 1514 1120 1559 cum
1138 1516 1209 1559 vero
1227 1498 1376 1580 idipsum,

233 1600 267 1655 ut
280 1613 359 1674 saepe
373 1594 406 1654 llt
414 1637 422 1670 ,
437 1592 572 1672 ejusdem
582 1591 771 1671 religionem,
784 1598 873 1672 atque
883 1593 913 1653 in
930 1593 990 1654 Nos
1003 1592 1147 1674 pietatem
1168 1593 1231 1676 prae
1245 1616 1279 1659 se
1299 1597 1373 1676 sert,

232 1698 297 1751 tum
320 1709 390 1752 vero
410 1688 537 1750 mirifica
557 1687 588 1748 in
602 1687 687 1749 illum
700 1687 912 1750 benevolentia
926 1689 1096 1752 'accessione
1108 1689 1310 1757 incendimur.
1331 1698 1376 1757 hc

230 1795 390 1870 propterea
401 1788 573 1867 hujusmodi
593 1787 751 1868 praeclaros
766 1786 855 1865 regiae
876 1786 993 1848 virtutis
1013 1805 1117 1849 sensus
1131 1807 1150 1850 a
1163 1790 1257 1853 Nobis
1270 1792 1375 1855 intime

228 1893 385 1967 perceptos
396 1885 550 1948 vobiscum
564 1884 838 1965 communicamus,
852 1885 1045 1947 venerabiles
1058 1888 1197 1966 Fratres,
1209 1908 1288 1968 quos
1299 1892 1375 1969 ejus·

229 1983 299 2044 dern
321 1984 492 2046 recentibus
511 2002 582 2063 erga
603 1984 664 2045 Nos
684 1983 812 2060 meritis,
836 1988 926 2063 atque
946 1983 1095 2044 constanti
1115 2001 1186 2062 erga
1206 1986 1374 2050 Ecclesiam

230 2082 330 2142 animo
345 2081 468 2163 perinde
484 2101 520 2143 ac
537 2083 598 2143 Nos
611 2080 692 2162 ipsos
703 2080 835 2159 gaudere
851 2097 912 2141 non
926 2079 1110 2141 dubitamus.
1130 2082 1244 2142 Verum
1258 2090 1294 2143 ut
1314 2103 1374 2146 non

229 2178 332 2255 inane,
353 2197 388 2239 ac
402 2176 621 2239 infructuosum
634 2177 673 2238 sit
686 2193 846 2238 commune
859 2173 1004 2254 gaudium
1024 2174 1083 2236 hoc
1096 2181 1253 2253 nostrum,
1269 2179 1373 2241 conari

229 2273 373 2335 debemus
383 2319 391 2352 ,
403 2281 438 2336 ut
458 2274 532 2336 illud
545 2273 584 2335 ad
597 2272 689 2353 ipsius
708 2271 811 2351 gloria.
831 2289 867 2332 ac
888 2270 1038 2332 felicitatis
1052 2271 1274 2335 incrementum
1292 2275 1373 2338 rele-

226 2389 340 2432 ramus.
357 2370 443 2445 Quod
452 2371 595 2451 praeclare
608 2368 729 2431 aNohis
742 2367 806 2428 fieri
819 2367 945 2448 poterit,
960 2367 985 2428 si
1000 2385 1018 2428 a
1031 2369 1093 2429 Deo
1105 2368 1226 2448 Optimo
1239 2372 1373 2434 Maximo

132 2545 136 2552 .
227 2466 365 2547 praesidia
386 2475 476 2547 atque
498 2472 677 2529 ornamenta
696 2465 798 2527 omnia
811 2465 883 2546 ipsi,
901 2465 1025 2547 eJusque
1038 2466 1152 2529 Liberis
1172 2486 1207 2529 ac
1228 2470 1373 2535 universae

228 2565 327 2644 Regiae
340 2565 448 2626 Domui
462 2583 524 2625 non
538 2563 714 2625 intermissis
725 2562 863 2643 precibus
879 2562 1116 2644 implorabimus.

264 2661 419 2724 Habemus
441 2666 620 2742 propterea,
643 2659 835 2721 venerabiles
857 2661 990 2738 Fratres,
1007 2661 1131 2723 alteram
1151 2664 1239 2743 cujus
1253 2665 1373 2749 inpare
1415 2711 1423 2724 .

224 2771 286 2824 tem
300 2781 354 2824 vos
366 2762 564 2838 advocamus,
577 2760 732 2822 immensae
741 2759 938 2837 jucunditatis
952 2779 1075 2822 causam
1085 2780 1123 2822 ex
1134 2762 1319 2844 faustissimo
1332 2766 1372 2828 ad

225 2862 285 2922 Nos
298 2879 394 2940 nuper
408 2860 447 2921 ab
458 2859 594 2935 Oriente,
617 2865 707 2939 atque
719 2876 744 2919 a
764 2857 907 2919 Chaldaeis
921 2857 1012 2920 allato
1025 2859 1155 2937 nuncio,
1171 2860 1318 2924 nimirum
1331 2863 1371 2925 ab

224 2976 329 3019 eorum
350 2957 524 3019 Patriarcha
544 2954 805 3018 Simeonedivinae
822 2954 928 3036 gratiae
945 2955 1058 3017 lumine
1078 2955 1226 3020 illustrato
1240 2960 1372 3038 jamdiu

224 3062 363 3135 receptos
386 3055 416 3115 in
442 3056 493 3116 illa
515 3061 603 3133 gente
623 3052 708 3134 impii
727 3053 856 3114 Nestorii
878 3071 993 3114 errores
1014 3052 1103 3116 fuisse
1124 3055 1253 3135 rejectos
1280 3065 1372 3140 atque

219 3140 346 3213 vomnino
356 3153 540 3233 repudiatos.
552 3152 636 3214 Idem
645 3152 708 3232 ipse
719 3151 823 3231 plenas
834 3150 1029 3212 observantia
1042 3158 1131 3232 atque
1140 3153 1277 3234 obsequii
1287 3153 1372 3218 dedit

224 3247 262 3308 ad
272 3248 333 3308 Nos
342 3247 457 3309 litteras
471 3249 502 3308 in
515 3248 625 3328 quibus
633 3247 799 3309 luculenter
808 3265 893 3309 suam
902 3247 995 3308 Nobis
1006 3248 1115 3328 prohat
1126 3248 1164 3310 de
1174 3237 1371 3315 sanctissima

221 3343 366 3405 Trinitate
380 3343 489 3421 iidem,
503 3343 636 3405 divinam
647 3343 678 3403 in
692 3343 808 3404 Christo
823 3349 912 3423 atque
925 3344 1091 3408 humanam
1102 3353 1243 3408 naturam
1256 3348 1289 3410 in
1304 3351 1370 3413 uni·

221 3450 283 3504 tate
296 3444 434 3504 Personae
445 3444 621 3521 conjunctas
634 3442 803 3522 profitetur,
818 3443 945 3505 Mariam
956 3444 1064 3506 Christi
1075 3447 1203 3507 Matrem
1213 3448 1266 3509 Dei
1280 3449 1371 3512 Geni·

221 3541 328 3602 tricem
343 3541 473 3621 appellat
486 3547 516 3601 et
527 3540 608 3601 colit.
618 3541 680 3601 Nos
695 3558 787 3621 porro
798 3539 882 3602 Beati
893 3542 973 3602 Petri
984 3561 1205 3623 successorem,
1216 3550 1247 3606 et
1257 3545 1370 3610 Christi

220 3636 393 3714 licerium,
408 3639 635 3718 Romanamque
645 3636 724 3700 hanc
737 3638 846 3701 Sedem
857 3640 1060 3702 Ecclesiarum
1069 3642 1196 3704 Matrem
1209 3661 1244 3704 ac
1257 3646 1370 3726 Magis·

219 3741 298 3797 tram
310 3735 462 3821 agnoscit,
475 3736 505 3796 in
516 3734 696 3816 Apostolicae
704 3738 800 3798 Petrae
808 3782 816 3815 ,
833 3756 924 3817 aqua
935 3738 1032 3800 luerat
1047 3741 1211 3819 abscissus,
1222 3741 1370 3808 firmitate
1441 3777 1445 3786 ·

220 3832 345 3894 stabiliri
362 3832 509 3912 postulat,
521 3832 604 3912 pacis
613 3839 643 3893 et
656 3832 789 3895 caritatis
799 3839 941 3896 tesseram
956 3837 1079 3899 aNohis
1093 3839 1217 3919 expetit.
1238 3842 1371 3905 Decreta

219 3939 340 4009 nostra,
356 3930 510 4010 legesque,
525 3949 600 4010 quas
611 3929 710 3991 daturi
733 3948 856 4008 sumus,
874 3938 1024 4012 expectat.
1039 3933 1225 3996 lncredihilis
1243 3935 1368 4018 laetitiae,

218 4046 310 4107 quam
330 4027 710 4109 proptereapercipimus,
727 4027 902 4105 magnitudo
919 4029 1030 4091 mirum
1049 4030 1080 4091 in
1099 4031 1224 4094 modum
1238 4027 1371 4114 augetur

218 4127 268 4188 illa
279 4125 379 4207 gaudii
391 4125 540 4201 ubertate,
553 4124 634 4204 quod
644 4124 712 4186 inde
722 4124 752 4185 in
765 4124 935 4186 universam
946 4127 1110 4189 Ecclesiam
1124 4128 1369 4196 redundaturum

218 4222 367 4301 videmus3
379 4241 447 4303 quae
457 4227 570 4301 quanto
580 4220 769 4282 acerbiorem
775 4226 864 4283 antea
874 4240 911 4283 ex
920 4223 1089 4286 miserrimo
1097 4224 1229 4288 filiorum
1240 4226 1369 4292 dissidio

220 4317 355 4380 dolorem
368 4320 526 4389 hauserat,
542 4323 626 4379 tanto
650 4318 827 4400 ampliorem
847 4337 884 4380 ex
907 4321 1083 4384 eorumdem
1096 4322 1251 4405 inopinato
1264 4327 1368 4390 reditu

120 4422 127 4438 ·
218 4434 299 4477 nunc
316 4417 406 4479 animi
426 4416 644 4496 jucunditatem
656 4419 765 4499 capiet.
781 4420 841 4481 Nos
855 4438 927 4482 sane
942 4421 971 4482 in
986 4422 1044 4484 hac
1057 4423 1177 4486 illorum
1191 4427 1368 4490 accessione

216 4513 305 4576 nullis
318 4521 448 4594 paternae
460 4515 594 4598 pietatis,
607 4517 713 4595 studii,
726 4518 859 4582 caritatis
871 4519 977 4582 officiis
991 4521 1152 4585 deerimus.
1166 4523 1291 4587 luteum
1301 4527 1367 4589 Deo
