3188 5414
220 501 273 549 rao
650 453 853 550 conuensis
871 494 937 547 xiv

221 600 424 662 ornantissime
434 598 633 680 impertimur.
648 600 761 659 Datum
774 603 808 659 in
819 598 897 659 Arce
908 597 1082 675 Goodulplu'
1094 596 1278 657 albanensis
1292 593 1361 656 Dic·

221 704 307 772 cesis,
319 699 372 758 srrb
384 700 508 766 Annulo
515 700 691 768 Piscatores,
701 697 750 756 dte
764 707 800 756 25
811 695 985 774 septembris
1000 704 1087 770 1773,
1095 696 1291 774 pontificatus
1299 711 1362 753 nos·

219 798 266 855 tra·
282 813 361 855 coco
374 799 490 872 quinto.
1306 808 1310 818 ·

687 1047 890 1120 ccxxxix.

478 1213 643 1257 canissmo
664 1216 697 1256 ln
719 1216 855 1258 cuulsuo
877 1215 966 1257 ultio
989 1214 1108 1258 NOSTBO

372 1334 539 1395 rossano
559 1334 844 1395 romualdum
863 1333 913 1393 rr
933 1328 1216 1392 marcomirum

649 1468 725 1516 RFAEI
740 1415 938 1515 liIDELlSSlMO

526 1579 764 1697 ‚eunucus
792 1583 925 1658 rura·
947 1576 1053 1657 rur.

949 1751 1048 1807 Romae,
1061 1754 1075 1796 2
1088 1746 1226 1798 decembris
1240 1747 1307 1798 177³.
1323 1792 1326 1799 .

262 1855 441 1923 Camstme,
456 1861 511 1914 etc.
526 1852 575 1913 Ad
588 1853 712 1932 Regiam
725 1853 914 1932 Maiestatem
927 1856 1024 1916 Tuam
1041 1852 1191 1914 mittimus
1201 1851 1362 1914 Venerabi-

219 1950 286 2011 lem·
293 1952 428 2010 Fratrem
439 1948 658 2010 Bernardiuum
678 1949 937 2032 archiepiscopum
952 1952 1144 2026 Petrensem,
1156 1949 1209 2029 qui
1232 1949 1324 2010 nostri
1336 1957 1362 2010 et

219 2046 396 2127 apostoliea
416 2045 499 2107 Sedis
516 2045 658 2107 ordinarii
672 2047 774 2108 Nuntii
793 2048 874 2129 apud
888 2055 918 2109 tc
931 2065 1041 2109 munus
1059 2054 1204 2128 peragat,
1227 2054 1316 2128 atque
1327 2048 1364 2108 ita

125 2138 131 2167 *
217 2149 359 2224 peragat,
372 2149 405 2203 ut
417 2142 596 2222 singularem
609 2141 747 2207 nostrum
760 2165 831 2226 erga
844 2153 873 2208 te
887 2164 1022 2209 amorem
1034 2144 1088 2207 tibi
1101 2144 1132 2205 in
1151 2144 1217 2206 dies
1231 2145 1364 2207 testatio-

217 2259 298 2318 rem,
313 2247 344 2302 et
369 2248 507 2301 mutuam
520 2240 598 2300 inter
609 2241 670 2301 Nos
686 2241 928 2321 conjunctionem
943 2240 1069 2303 assiduis
1088 2239 1196 2303 officiis
1211 2259 1249 2301 ac
1268 2241 1364 2303 studiis

219 2336 457 2398 constrictiorem
469 2353 505 2396 ao
516 2334 840 2400 devinctioremlaciat.
862 2339 949 2399 lllum
966 2344 999 2399 ut
1011 2336 1047 2398 ad
1064 2343 1095 2398 te
1115 2336 1295 2415 adeuntem,
1310 2356 1364 2418 qua

218 2434 312 2509 soles,
324 2430 396 2511 regii
411 2430 503 2492 animi
514 2430 701 2493 humanitate
714 2439 744 2494 et
757 2434 938 2514 benignitate
955 2432 1105 2514 excipias,
1123 2432 1213 2513 eique
1229 2435 1319 2496 rebus
1337 2435 1364 2495 in

219 2532 359 2594 omnibus
372 2529 464 2592 fidem
479 2530 607 2608 habeas,
625 2530 749 2612 perinde
770 2533 843 2594 acsi
861 2539 963 2595 tecum
974 2537 1135 2614 presentes
1147 2532 1211 2592 Nos
1226 2530 1283 2613 ipsi
1299 2551 1365 2612 age-

219 2646 337 2705 remus,
354 2625 544 2704 aMajestate
562 2627 629 2688 Tua
646 2628 793 2705 majorem
813 2626 844 2688 in
863 2626 988 2688 modum
1007 2624 1149 2706 petimus.
1171 2625 1251 2686 Cum
1270 2633 1365 2687 nostra

219 2744 311 2787 causa
321 2730 352 2785 te
364 2720 396 2784 id
413 2722 608 2802 libentissime
618 2742 674 2803 pro
690 2731 744 2786 tua
760 2725 791 2786 in
810 2727 871 2786 Nos
884 2725 996 2807 pietate
1008 2724 1161 2786 laetorum
1172 2724 1363 2804 confidimus,

219 2831 284 2883 tum
305 2820 469 2901 plurimum
489 2818 580 2881 etiam
594 2820 737 2883 daturum
756 2840 816 2884 non
838 2823 1010 2884 dubitamus
1032 2822 1247 2913 prestantibus
1264 2825 1364 2906 egregii

102 2941 110 2958 ·
218 2919 272 2980 viri
283 2915 413 2993 meritis,
428 2915 480 2996 qui
492 2915 531 2977 ad
543 2908 661 2996 generis
675 2918 845 2980 claritatem
856 2919 980 2981 eximias
993 2919 1088 2980 animi
1104 2916 1208 2999 dotes,
1220 2920 1365 3002 religionis

217 3017 363 3094 studium,
376 3013 592 3094 integritatem,
604 3015 809 3095 prudentiam,
820 3015 911 3078 fidem
926 3016 1070 3096 adjungit.
1086 3017 1154 3078 Huc
1167 3017 1285 3080 accedit
1293 3018 1366 3097 ejus·

218 3119 287 3179 dem
296 3134 369 3195 erga
377 3115 565 3194 Maiestatem
574 3116 672 3176 Tuam
684 3114 813 3176 mirifica
824 3113 1025 3187 observantia,
1039 3120 1130 3195 atque
1140 3115 1253 3194 cultus,
1264 3133 1366 3194 quam·

218 3215 322 3274 obrem
337 3211 392 3274 tibi
406 3212 497 3273 etiam
511 3211 651 3274 eumdem
671 3212 1000 3274 commendatissimum
1016 3218 1105 3292 atque
1126 3213 1365 3295 acceptissimum

153 3308 155 3313 ’
218 3314 281 3374 lore
293 3312 484 3373 arbitramur.
495 3312 609 3371 Verum
619 3327 815 3390 quaecumque
825 3310 899 3390 regii
907 3309 1067 3391 patrocinii
1082 3328 1118 3371 ac
1137 3309 1247 3377 favoris
1256 3308 1366 3371 indicia

218 3411 273 3472 abs
285 3416 315 3471 te
335 3407 377 3468 illi
394 3407 505 3469 fuerint
518 3404 670 3489 praestita,
688 3404 794 3468 eadem
809 3405 902 3467 Nobis
914 3406 1083 3486 gratissima
1101 3405 1207 3469 lutura
1225 3413 1366 3490 tauquam

217 3508 261 3570 tui
277 3507 308 3569 iu
323 3507 383 3568 Nos
399 3505 510 3566 amoris
520 3510 695 3584 argumenta
705 3505 767 3565 Nos
777 3510 969 3585 reputaturus
981 3503 1172 3585 profitemur.
1188 3507 1229 3567 Et
1239 3512 1367 3587 patema

128 3624 132 3630 ·
217 3610 325 3665 nostras
339 3619 463 3663 summe
477 3619 547 3680 erga
568 3606 598 3662 te
619 3600 752 3662 caritatis
772 3600 880 3681 pignus
904 3618 940 3662 ac
959 3600 1126 3662 ooelestium
1151 3601 1366 3664 beneficiorum

218 3700 371 3781 auspicem
393 3698 588 3779 apostolicam
606 3697 846 3760 benedictionem
864 3696 936 3775 tibi,
957 3697 1111 3759 carissime
1129 3697 1161 3759 in
1187 3698 1307 3762 Christo
1326 3697 1365 3760 lili

216 3804 330 3873 noster,
351 3797 480 3875 'lneque
493 3794 592 3876 Regia
603 3795 734 3856 Familia
748 3795 855 3857 intimo
866 3794 966 3863 cordis
983 3796 1081 3859 nostri
1097 3796 1211 3860 affectu
1224 3797 1366 3862 amantis·

216 3892 289 3954 sime
303 3891 502 3972 impertimur.
515 3894 628 3954 Datum
639 3894 740 3954 Rome
752 3895 835 3972 epod
846 3893 992 3955 Sanctam
1003 3897 1134 3956 Mariam
1146 3898 1306 3973 Majorcm,
1317 3895 1366 3957 ub

217 3993 337 4052 abacto
349 3994 531 4060 Piscatores,
546 3991 631 4052 dica
655 3990 817 4051 decembris
842 4002 934 4065 1773,
954 3995 1150 4072 pontificatus
1169 3998 1272 4057 nostes·
1291 4009 1366 4054 aueo

216 4093 330 4167 quicto.

693 4246 876 4264 ”nn—Q
