3188 5414
330 493 365 543 22
758 487 964 542 annullata
979 487 1044 543 xlv
1067 495 1070 502 ’
1088 504 1092 513 ·

330 595 484 654 Sidensem
507 593 545 653 ad
562 592 731 654 nobilitates
753 600 867 654 uestras
889 592 1054 664 mittimus,
1076 600 1111 652 ut
1132 593 1213 672 apud
1228 593 1361 655 inolitam
1385 596 1477 658 istam

328 690 546 771 rempublicam
558 690 652 752 nostri
668 697 698 751 et
713 691 884 772 apostolicae
895 688 974 751 sedis
985 689 1127 752 ordinarii
1142 691 1237 752 nuntii
1250 692 1340 753 obeat
1352 711 1474 756 munus.

328 789 434 851 Virum
448 789 668 870 spectatissimo
683 806 808 868 genere,
822 797 853 852 et
866 789 947 871 ipsa,
961 807 1054 870 quam
1065 788 1158 868 gerit,
1169 808 1299 871 persona
1316 810 1477 853 commen-

327 886 444 966 datum,
452 895 595 969 praetema
606 888 718 969 pietate
725 907 904 970 morumque
913 889 1475 971 integritate,rerumquegereudarum

327 986 486 1064 prudentia
495 987 654 1068 praeditum
664 1007 727 1050 nou
739 995 783 1051 est
794 1007 848 1051 cur
858 988 993 1070 longiore
1004 1007 1145 1053 sermone
1151 990 1258 1053 vestris
1268 988 1475 1050 nobilitatibus

328 1086 584 1148 commendemus.
602 1088 669 1167 lpse
680 1087 760 1151 euim
773 1087 933 1150 virtutibus
945 1087 1007 1150 suis
1016 1086 1160 1149 eximiam
1172 1085 1393 1147 humanitatem
1405 1105 1475 1148 ves-

327 1181 406 1244 tram
416 1183 503 1245 facile
515 1184 572 1246 sibi
585 1185 750 1264 devinciet,
762 1192 920 1267 vestraque
929 1205 1000 1267 erga
1014 1185 1075 1248 Nos
1086 1184 1195 1266 pietas,
1208 1203 1243 1245 ac
1259 1184 1473 1262 vetustissima,

326 1298 386 1358 qua
400 1280 431 1341 in
447 1278 596 1342 catholica
610 1281 736 1343 eeclesia
748 1283 814 1360 jam
832 1282 1011 1344 inclaruistis
1022 1300 1093 1362 erga
1109 1281 1188 1342 hano
1200 1299 1316 1343 sacram
1337 1284 1373 1343 B.
1394 1284 1474 1344 Petri

326 1377 427 1439 sedem
443 1377 633 1440 observantia
646 1385 754 1458 sponte
768 1398 822 1442 sua
833 1379 948 1442 homini
962 1379 1068 1440 faverit
1089 1379 1119 1439 in
1136 1378 1172 1440 iis
1185 1379 1352 1458 praesertim
1366 1379 1472 1457 rebus,

325 1492 392 1554 quae
404 1475 442 1535 ad
456 1474 508 1536 nei
525 1474 674 1536 bonorem
686 1482 718 1537 et
726 1476 853 1555 gloriam
866 1475 1096 1555 animarumque
1110 1477 1238 1537 salntem
1252 1475 1385 1538 maxima
1401 1495 1476 1557 per-

325 1572 432 1632 tinent.
446 1572 491 1632 llli
502 1574 614 1649 autem,
626 1589 719 1652 quam
727 1572 820 1634 Nobis
831 1573 903 1653 ipsis
912 1589 1017 1635 coram
1027 1573 1191 1651 haberetis,
1201 1573 1335 1654 petinam
1345 1590 1363 1635 a
1375 1575 1474 1652 vobis,

325 1668 425 1730 dilecti
441 1668 493 1729 lilii
501 1714 510 1746 ,
525 1669 641 1732 nobiles
659 1669 732 1748 viri,
745 1670 884 1732 eamdem
895 1677 928 1732 ut
941 1672 1032 1733 fidem
1049 1670 1217 1734 adhibeatis
1222 1695 1232 1750 ;
1247 1673 1394 1754 vobisque
1404 1676 1476 1734 orn-

325 1766 425 1843 nibus,
443 1771 475 1828 et
486 1766 630 1829 universae
642 1772 747 1830 vestrae
758 1767 949 1850 reipublice,
966 1787 1059 1850 quam
1073 1770 1104 1832 in
1116 1777 1247 1850 paterne
1260 1772 1396 1834 caritatis
1406 1784 1476 1834 nos-

325 1871 379 1926 trae
386 1865 518 1945 gerimus
527 1865 607 1945 sinu,
616 1868 813 1950 apostolicam
820 1869 1061 1931 benedictionem
1068 1875 1261 1950 peramanter
1270 1871 1474 1950 impertimur.

325 1966 439 2028 Dotem
451 1965 562 2037 Rome,
579 1973 648 2037 etc,
666 1976 703 2028 20
717 1971 838 2046 depasti
854 1977 943 2043 1769,
954 1970 1145 2046 pontificales
1156 1972 1252 2029 nostri
1269 1986 1351 2030 anno
1362 1973 1473 2048 priato.

809 2098 989 2111 ιιι-ι*

752 2180 755 2185 ’
840 2192 960 2262 XXVI.

470 2384 474 2391 .
527 2338 528 2345 ’
636 2351 879 2393 mansuaria
902 2349 1128 2394 coranussnro
1397 2399 1400 2407 ,

504 2455 775 2530 '³HERACLIO,
803 2457 1263 2528 cummutationem,
1313 2498 1317 2507 .

634 2580 870 2662 CLEMENS
898 2572 1025 2669 PAPA
1054 2579 1163 2668 xlv..

1058 2735 1150 2792 Roman,
1163 2738 1193 2781 23
1204 2732 1298 2794 augusti
1316 2700 1383 2783 tint.

364 2839 503 2900 illustris
522 2848 560 2899 oc
576 2844 784 2917 potentissime
792 2846 935 2919 princeps
947 2843 1079 2902 aetatem
1099 2843 1129 2900 et
1144 2841 1247 2900 tumen
1269 2840 1383 2901 diuino
1401 2859 1479 2920 oro-

281 2934 283 2939 '
325 2939 392 3011 tto,
403 2943 460 2997 etc.
479 2936 662 3016 magnopere
681 2935 775 3000 Nobis
788 2943 911 3017 gratum
928 2935 1080 2998 acciditiu
1100 2935 1159 2998 hoe
1170 2935 1265 2998 nostri
1281 2936 1477 3017 pontificatus

303 3068 306 3074 ,
324 3034 448 3095 exordio
461 3041 569 3097 nactos
587 3035 650 3096 Nos
669 3051 733 3096 csse
753 3012 1013 3116 opportunitatem
1029 3033 1205 3096 celsitudini
1227 3040 1287 3096 tuae
1301 3035 1476 3114 scribendi,

325 3130 412 3206 cujus
433 3132 568 3209 generosi
589 3147 625 3193 ac
644 3131 815 3211 praestantis
834 3131 929 3191 animi
947 3130 1053 3192 laudm
1075 3131 1417 3195 Nostrornmnirorum
1428 3134 1478 3196 lit-

325 3227 412 3304 teris,
427 3244 462 3289 ac
473 3228 539 3308 ipsa
550 3229 643 3290 etiam
656 3227 738 3289 lama
756 3233 787 3289 et
797 3244 920 3289 rumore
932 3226 1052 3289 assidue
1071 3227 1109 3290 ad
1126 3230 1189 3291 Nos
1200 3227 1403 3311 periemntur.
1413 3231 1477 3292 Pri-

302 3394 307 3401 ‚
324 3338 410 3386 maun
424 3325 515 3405 igitur
525 3325 580 3387 tibi
593 3324 733 3386 maximae
751 3331 823 3386 sunt
833 3343 852 3386 a
863 3325 972 3402 Nobis,
985 3332 1020 3388 ut
1029 3344 1068 3388 ex
1084 3327 1186 3391 auimo
1197 3321 1478 3408 iacimuaagendta

324 3423 684 3505 gratiae,·quodhominas
693 3423 745 3504 qui
757 3423 1072 3487 ineademnobiseum
1083 3424 1154 3487 lidei
1163 3425 1377 3504 conjunctione
1387 3434 1470 3505 sunt,

324 3523 477 3604 Ncbisqne
507 3510 687 3604 obsequium
709 3541 745 3584 ac
765 3522 970 3586 obedientiam
991 3529 1154 3606 prestant,
1183 3531 1244 3586 tuae
1259 3524 1476 3606 benignitatis,

320 3620 587 3704 qrrodplurimum
600 3618 841 3699 commodaris,
859 3621 957 3701 gratia
969 3622 1057 3701 juves
1073 3638 1109 3684 ac
1120 3627 1273 3703 protegas.
1292 3623 1406 3689 Deinde
1418 3625 1477 3689 hoo

324 3725 391 3805 ipsa
409 3729 463 3784 tua
487 3722 579 3784 animi
604 3720 762 3782 nobilitate
775 3719 844 3783 lreti
862 3721 991 3784 tidenter
1012 3739 1030 3782 a
1051 3726 1081 3782 te
1104 3720 1238 3801 petimus
1245 3752 1262 3799 ,2
1277 3722 1478 3801 tequeeliam

325 3824 415 3904 atque
428 3821 521 3885 etiam
533 3839 686 3900 rogamus,
701 3826 754 3898 ut,
767 3820 863 3901 quiin
876 3826 931 3881 tua
945 3818 1077 3882 dictione
1090 3826 1161 3880 sunt
1174 3817 1333 3896 catholici,
1348 3837 1383 3879 ac
1395 3837 1478 3899 prae-

325 3921 432 3983 sertim
445 3905 606 4001 cappucinl
631 3924 750 3999 patres,
775 3917 827 3998 qui
848 3917 949 3983 isthic:
958 3915 1111 3998 religionis
1130 3935 1202 3998 erga
1225 3921 1401 3990 versantur,
1423 3923 1478 3980 tuo

325 4017 464 4099 praesidio
478 4017 679 4098 inposterum
693 4018 731 4081 ab
747 4015 969 4089 adversantium
983 4014 1208 4099 oppugnatione
1223 4019 1340 4093 tegere,
1354 4019 1477 4078 actuari

325 4136 381 4196 pro
392 4118 436 4180 tui
450 4117 542 4179 animi
554 4103 853 4199 mamitudineve'lis.
869 4115 913 4175 llll
928 4110 1051 4202 quidem
1057 4110 1132 4175 nibil
1147 4109 1288 4175 adversus
1301 4115 1477 4196 quempiam

326 4216 490 4280 moliuntur
506 4207 745 4294 mali',‘virtutem
756 4198 876 4291 colunt,
893 4212 945 4276 Dei
957 4207 1107 4295 precepta
1118 4197 1276 4291 legatario
1296 4221 1477 4293 promovent

325 4314 449 4376 caritate
463 4316 493 4377 in
504 4333 611 4378 omnes
630 4313 810 4392 afficiantur,
830 4310 962 4395 publicae
970 4313 1042 4394 paci
1054 4328 1091 4374 ae
1112 4310 1322 4392 tranquillitati
1336 4312 1475 4388 student,

324 4410 400 4472 nibil
411 4418 513 4475 tarnen
525 4414 627 4477 minus
650 4413 841 4476 inimieorum
855 4416 901 4476 vel
916 4414 945 4475 vi
964 4415 1010 4475 vel
1022 4412 1127 4475 iraude
1145 4429 1224 4492 saepe
1239 4410 1338 4473 solum
1362 4413 1476 4470 vertero

326 4517 395 4573 sunt
406 4512 522 4591 coacti,
535 4532 637 4594 neque-
646 4531 782 4594 unquam
795 4514 902 4596 reverti
919 4514 1016 4586 isthuc
1033 4511 1210 4594 potuissent,
1226 4509 1284 4573 nisi
1297 4507 1476 4578 tnaabuma-
