3188 5414
401 459 917 618 Cnnnnnrrs
957 490 1118 624 mv

590 793 749 880 PONT.
780 780 917 881 ΜΑΧ.

214 1062 710 1207 EPISTOLAE
774 1064 893 1206 ET
954 1061 1307 1206 BREVIA

394 1526 397 1531 ,
489 1419 1023 1538 sunncnronl.

445 2198 610 2241 cla1ss1uo
631 2199 665 2240 rn
687 2200 818 2243 cnarsro
839 2200 919 2242 rrum
941 2201 1058 2244 rosano

267 2317 464 2380 Looovlco
498 2306 734 2383 FRANCORUM
767 2323 859 2384 REGI
888 2323 1228 2385 CHRISTIANlSSIMO

486 2460 724 2541 CLEMENS
752 2465 881 2541 ΡΑΡΑ
910 2465 1020 2541 XIV.

954 2629 1051 2677 Rornae,
1072 2622 1176 2683 lljunii
1196 2626 1263 2672 1769.

217 2730 379 2790 Carissimo
407 2733 441 2789 in
467 2729 584 2790 Christo
608 2731 670 2790 Fili
696 2736 795 2790 noster
822 2733 952 2791 salutem
973 2734 1219 2809 adapostolicam
1244 2733 1327 2794 deae-

176 2831 349 2890 dictioaem.
367 2828 516 2889 Dilectum
526 2825 621 2888 filium
630 2827 762 2889 nobilem
775 2829 873 2889 virum
885 2830 1050 2908 losephum
1066 2829 1231 2889 Henricum
1248 2833 1326 2891 Mar-

176 2921 315 2983 chionem
332 2921 370 2982 de
389 2921 554 2981 Aubeterre
568 2922 729 2997 lllajestatis
744 2928 805 2983 tuae
822 2923 904 3003 apud
916 2923 996 2983 hanc
1011 2923 1208 3002 apostolicam
1222 2924 1325 2985 sedem

176 3020 344 3089 oratorem,
372 3018 403 3072 ct
429 3029 548 3091 semper
579 3021 667 3073 antea
690 3020 813 3093 propter
845 3014 983 3093 egregias
1007 3015 1087 3076 illius
1114 3015 1237 3077 virtutes
1261 3019 1327 3098 plu-

174 3112 242 3173 rimi
262 3111 405 3188 fecimus,
426 3117 457 3172 et
478 3129 560 3172 nunc
582 3113 620 3172 ad
634 3111 819 3192 pontificiam
841 3113 1018 3193 dignitatem
1045 3113 1145 3175 divina
1168 3115 1326 3178 clementia

175 3209 270 3270 evecti
289 3208 329 3270 ob
343 3207 503 3287 singularia
517 3207 654 3285 ejusdem
669 3207 699 3268 in
712 3227 768 3271 nos
790 3216 949 3291 perspecta
969 3209 1067 3272 studia
1088 3207 1215 3272 mirifica
1234 3211 1326 3274 bene-

174 3303 301 3365 volentia
322 3303 563 3383 complectimur.
586 3304 663 3365 Hinc
681 3304 768 3368 facile
786 3306 928 3387 Majestas
948 3314 1002 3370 tua
1015 3313 1114 3389 potest
1127 3326 1323 3388 cognoscere,

174 3419 265 3478 quam
275 3417 354 3478 aegre
367 3398 499 3461 seramus
507 3406 571 3461 tam
582 3400 642 3462 cito
654 3419 670 3461 a
682 3402 769 3463 nobis
779 3403 923 3465 eumdem
932 3403 1097 3480 discedere,
1108 3421 1199 3483 quem
1214 3403 1325 3468 diutius

174 3514 267 3576 penes
280 3515 335 3558 nos
347 3498 528 3560 commorari
547 3499 676 3560 maxime
698 3518 888 3580 cuperemus.
911 3501 1147 3575 Verumtamen,
1170 3517 1240 3559 cum
1260 3518 1324 3560 sum

174 3593 274 3670 ipsum
286 3591 417 3652 rationes
430 3590 527 3653 isthuc
540 3598 697 3666 revocent,
712 3599 802 3673 atque
815 3593 928 3656 idcirco
941 3592 1104 3675 postulanti
1116 3593 1258 3672 Majestas
1271 3599 1325 3657 tua

174 3691 319 3753 redeundi
339 3689 513 3752 facultatem
527 3691 726 3767 concesserit,
741 3692 818 3769 Nos,
839 3697 869 3754 et
885 3691 927 3753 illi
941 3690 1193 3755 loculentissimos
1206 3691 1324 3770 paterni

174 3786 265 3848 animi
278 3785 372 3849 nostri
390 3803 494 3847 sensus
512 3786 738 3864 declaravimus,
756 3795 786 3849 et
799 3787 946 3867 Majestati
960 3793 1020 3848 tuae
1033 3792 1176 3848 testatum
1189 3802 1254 3846 esse
1270 3802 1324 3845 vo·

174 3882 273 3945 lumns
286 3889 410 3943 cunctas
420 3880 451 3941 in
465 3880 648 3961 amplissimo
658 3881 798 3944 obeundo
811 3898 938 3943 munere
950 3877 1139 3960 integritatis,
1155 3874 1243 3951 fidei,
1252 3893 1324 3954 pru-

174 3982 294 4059 dentiae,
303 4000 339 4043 ac
347 3981 378 4042 in
384 3980 446 4041 Nos
459 3978 549 4040 etiam
559 3978 676 4059 pietatis
684 3987 783 4059 partes
796 3998 862 4040 esse
873 3978 912 4039 ab
923 3979 974 4040 illo
984 3977 1128 4058 praeclare
1142 3972 1321 4051 cumulatas.
1427 4050 1431 4058 Ι

173 4080 256 4142 ldem
263 4081 337 4158 dum
347 4076 579 4140 humanissimas
590 4085 656 4139 tuas
667 4077 808 4140 redderet
814 4080 939 4156 litteras,
951 4077 1059 4158 quibus
1068 4079 1129 4139 Nos
1143 4075 1181 4137 de
1194 4073 1238 4133 illi
1251 4091 1324 4135 con-

173 4164 259 4238 'cessa
268 4176 380 4238 reditus
392 4176 478 4237 venia
490 4174 632 4237 certiores
644 4175 756 4254 fecisti,
772 4177 988 4254 demandatum
998 4177 1054 4238 sibi
1064 4182 1125 4238 tuae
1139 4173 1238 4235 filialis
1251 4191 1324 4253 erga

172 4276 234 4337 Nos
248 4281 339 4355 atque
350 4272 545 4356 apostolicam
561 4274 640 4335 hanc
657 4274 760 4337 sedem
776 4275 965 4338 declarandae
978 4270 1174 4338 observantiae
1189 4270 1323 4334 officium

173 4374 395 4435 accuratissime
407 4373 535 4455 peregit.
550 4375 611 4437 Nos
622 4374 750 4437 invicem
767 4374 807 4436 illi
821 4393 1014 4455 summopere
1030 4371 1321 4450 commendavimus,

174 4476 206 4559 nt
223 4471 317 4560 nostri
331 4471 361 4535 in
375 4472 533 4551 tepoterici
550 4469 660 4536 amoris
678 4472 914 4552 magnitudinem
933 4471 986 4534 tibi
1000 4491 1092 4552 quam
1106 4471 1256 4544 uberrime
1270 4491 1323 4535 ex·

947 4590 950 4595 '
1200 4585 1212 4634 1
