3188 5414
225 489 277 541 ³12
654 485 860 542 CLEMENTlS
877 487 941 540 xlv

224 589 299 653 Cum
309 587 373 652 haec
384 594 457 650 vota
468 593 570 651 nostra
586 589 646 650 tuis
657 590 859 662 consentiant,
873 589 1029 651 carissima
1040 591 1070 650 in
1086 588 1202 650 Christo
1220 587 1285 650 nna
1303 606 1376 650 nos-

223 692 289 761 tra,
308 684 452 766 preclare
464 685 564 762 vides,
578 673 726 766 quantum
744 686 797 763 iis,
814 704 881 766 que
903 686 942 748 ad
962 693 992 748 te
1013 686 1144 748 maxime
1157 686 1313 766 pertinent
1329 685 1378 747 al-

223 781 293 845 lecti
311 782 420 860 simus,
432 801 584 864 quamque
605 783 715 845 eximia
736 790 766 845 te
782 802 1013 864 prosequamur,
1034 791 1227 864 paternaeque
1243 783 1376 847 caritatis

224 879 578 958 plenissimavoluntate,
591 881 621 942 in
639 881 726 959 cujus
741 889 952 960 argumentum
971 883 1169 964 apostolicam
1187 881 1376 943 benedictio-

224 996 293 1039 nem
316 976 413 1058 Regiae
437 979 584 1057 Maiestati
606 981 676 1041 Tua
694 979 800 1041 intimo
822 980 913 1042 animi
936 981 1029 1043 nostri
1055 1000 1143 1043 sensu
1168 980 1374 1042 amantissime

223 1075 421 1156 impertimur.
437 1078 548 1139 Datum
559 1078 671 1149 Romo,
687 1079 769 1156 opud
781 1079 923 1141 Sanctum
934 1081 1064 1140 Martum
1075 1080 1232 1157 Majorem,
1243 1080 1297 1139 sub
1308 1081 1376 1140 Aa·

225 1174 296 1233 aulo
310 1174 484 1245 Piscatores,
497 1176 547 1235 dte
556 1180 660 1257 primo
667 1177 755 1252 junii
771 1184 859 1251 1774,
870 1179 1065 1256 pontificatus
1076 1182 1170 1239 nostri
1183 1195 1264 1237 anno
1277 1183 1373 1237 sexto.

705 1295 889 1310 m

694 1397 891 1469 CCLXXlll.

482 1554 650 1598 caarssruo
673 1556 706 1597 ru
728 1555 864 1598 onarsro
886 1554 969 1598 rrnro
992 1553 1111 1596 nosrao

222 1657 421 1718 LUDOVICO
447 1659 630 1720 AUGUSTO
650 1660 893 1722 FRANCORUM
916 1660 1010 1720 REGI
1036 1659 1373 1727 CHRISTIANISSIMO

528 1771 762 1863 CLEMENS
789 1785 917 1862 PAPA
945 1782 1053 1859 XIV.

1029 1935 1123 1995 llornae,
1142 1935 1225 1996 tjunii
1244 1939 1312 1988 1774.

265 2011 436 2115 Coronae,
448 2052 505 2106 etc.
518 2042 658 2106 Reddidit
668 2040 761 2104 Nobis
770 2038 956 2105 Venerabilis
968 2039 1071 2101 Frater
1081 2046 1183 2102 noster
1195 2041 1374 2106 Franciscus

221 2139 397 2202 loachimus
409 2141 440 2202 S.
452 2142 488 2202 R.
504 2142 540 2201 Ε.
552 2137 714 2202 cardinalis
726 2137 765 2200 de
775 2136 879 2199 Bernis
890 2135 1056 2216 Episcopus
1064 2135 1243 2199 Albauensis
1261 2138 1376 2200 litteras

221 2237 385 2315 Maiestatis
396 2240 478 2316 Tua,
488 2237 597 2318 quibus
605 2236 705 2317 ipsum
713 2235 743 2298 in
753 2233 880 2316 pristino
892 2232 973 2314 apud
983 2233 1055 2311 Nos,
1066 2240 1156 2314 atque
1167 2234 1375 2315 Apostolic-am

222 2333 302 2395 hanc
317 2333 425 2396 Sedena
447 2333 613 2396 ministerio
634 2332 815 2408 confirmas,
835 2349 870 2392 ao
889 2330 1064 2411 preclaram
1089 2330 1202 2394 ideirco
1223 2339 1311 2396 tuam
1338 2334 1376 2397 de

222 2431 315 2511 ipsius
326 2430 397 2509 lida,
409 2431 574 2510 diligentia,
586 2429 806 2511 prudentiaque
816 2428 959 2491 fiduciam
970 2429 1100 2491 testaris.
1113 2432 1130 2491 J
1133 2431 1375 2495 uoundissirnunr

221 2528 315 2590 Nobis
327 2527 395 2608 tuit,
410 2528 563 2591 carissime
574 2529 605 2590 in
617 2529 733 2593 Christo
745 2528 787 2590 fili
800 2535 915 2605 noster,
926 2533 988 2589 tam
998 2530 1133 2610 amplum
1144 2529 1174 2590 in
1188 2529 1274 2592 illum
1288 2532 1376 2612 regia

222 2626 385 2690 voluntatis
399 2625 606 2689 testimonium
616 2627 706 2708 plane
718 2632 823 2688 nostro
840 2625 879 2689 de
894 2624 1010 2687 eximiis
1029 2625 1120 2708 ipsius
1134 2627 1250 2711 meritis
1258 2629 1376 2707 judicio

221 2729 458 2786 consentaneum
475 2743 541 2786 esse
561 2742 753 2804 cognoscere.
768 2722 912 2802 Ejusdem
924 2721 1016 2784 Nobis
1023 2723 1088 2802 jam
1103 2723 1220 2804 pridem
1232 2744 1376 2807 perspec-

221 2819 337 2882 tissima
355 2821 454 2882 omnis
468 2826 514 2883 est
528 2821 633 2901 agendi
648 2821 740 2899 ratio,
762 2840 824 2902 qua
843 2819 1089 2903 prestantissima
1106 2821 1179 2901 Regi
1195 2840 1255 2884 avo
1270 2829 1327 2886 tuo
1345 2825 1376 2886 in

177 2926 180 2933 “
220 2916 405 2995 gravissimis
413 2917 541 2997 negotiis
554 2936 679 2998 operam
691 2935 778 2980 suam
794 2915 914 2979 navavit
919 2939 928 2994 3
940 2934 1007 2996 que
1020 2916 1143 2996 quidem
1152 2917 1302 2996 ejusmodi
1316 2928 1375 2999 cst,

221 3023 254 3079 ut
271 3016 345 3080 dum
365 3016 466 3079 olfioio
482 3036 537 3079 suo
548 3017 695 3098 regiaque
708 3016 855 3081 voluntati
865 3017 981 3098 egregie
993 3017 1195 3098 satisfaceret,
1210 3022 1375 3086 unaetiam

219 3116 313 3178 Nobis
329 3117 455 3180 mirifice
467 3115 567 3179 studia
577 3123 608 3178 et
619 3111 743 3178 consilia
756 3134 812 3179 aua
822 3116 925 3179 omnia
935 3116 1156 3198 comprobaret.
1184 3120 1374 3201 Quapropter

220 3233 292 3277 cum
310 3214 410 3295 ipsum
425 3233 482 3296 pro
498 3232 554 3276 sua
570 3215 697 3292 virtute,
717 3221 747 3275 at
763 3213 885 3296 plurimi
896 3213 1060 3292 faciamus,
1075 3221 1105 3276 et
1124 3214 1264 3295 singulari
1278 3216 1373 3280 bene-
1423 3281 1426 3286 ,

219 3313 349 3376 volentia
358 3313 596 3395 complectamur
607 3331 789 3396 magnopere
799 3314 948 3392 ldajestati
959 3315 1218 3394 Tuaepersuasum
1230 3330 1294 3377 oese
1310 3334 1382 3379 cu-.

192 3470 194 3475 ,
218 3411 320 3491 pimus
333 3415 397 3472 tam
417 3418 538 3490 gratum
556 3411 649 3473 Nobis
660 3417 877 3491 acceptumque
895 3428 960 3472 esse
969 3457 978 3488 ,
990 3409 1074 3492 quod
1090 3409 1171 3472 idern
1185 3409 1372 3492 fungendum

221 3507 303 3589 apud
322 3508 383 3570 Nos
403 3507 460 3588 ipsi
472 3525 583 3571 munus
598 3507 792 3589 imposueris,
807 3515 842 3568 ut
855 3505 967 3570 idcirco
977 3506 1033 3572 tibi
1048 3506 1196 3569 maximas
1209 3507 1272 3570 Nos
1284 3524 1375 3587 mere

220 3614 310 3685 atque
320 3605 432 3666 habere
445 3604 558 3684 gratias
567 3605 775 3686 profiteamur.
789 3605 865 3669 Cum
876 3604 956 3666 enim
968 3619 1159 3684 summopere
1168 3609 1312 3685 optemus
1322 3623 1374 3666 vo-

219 3703 350 3765 luntates
366 3707 485 3764 nostras
495 3709 602 3765 mutua
613 3703 782 3784 eximiaque
793 3703 870 3764 inter
881 3703 943 3766 Nos
957 3703 1094 3783 pietatis,
1109 3704 1282 3785 amorisque
1294 3723 1373 3767 con-

216 3799 388 3879 junctione,
402 3817 438 3860 ac
448 3799 668 3863 necessitudine
678 3801 708 3862 in
721 3800 786 3862 dies
800 3800 895 3881 magis
909 3801 1087 3881 constringi,
1103 3803 1253 3882 majorem
1265 3802 1297 3864 in
1307 3820 1374 3865 mo-

219 3895 294 3958 dum
307 3896 475 3976 gandemus
485 3896 569 3961 illum
583 3899 797 3962 confirmatum
816 3918 834 3961 a
850 3905 881 3962 te
898 3918 963 3962 esse
977 3900 1126 3978 ejusmodi
1140 3900 1316 3963 officiorum
1329 3900 1374 3963 in·

218 4000 400 4076 terpretem,
414 3995 501 4074 cujus
514 3997 708 4060 excellentem
722 3997 752 4059 in
764 4016 801 4060 eo
817 4015 942 4078 operam
953 3997 1069 4079 experti
1080 4004 1169 4060 antea
1182 4017 1305 4076 snmus,
1321 4018 1375 4061 ou·

207 4096 324 4178 jusque
334 4096 459 4159 consilio
469 4095 631 4174 industria,
645 4103 734 4178 atque
747 4096 930 4178 experientia
941 4095 1028 4158 valde
1039 4095 1161 4158 nitimur
1176 4115 1212 4158 ac
1225 4096 1375 4177 singulari

220 4193 311 4255 etiam
321 4240 330 4272 ,
340 4214 402 4276 qua
412 4213 484 4275 erga
495 4200 525 4256 te
537 4199 600 4270 est,
612 4211 718 4274 resque
728 4213 832 4256 omnes
842 4200 922 4272 tuns,
934 4193 1005 4272 lide,
1017 4200 1207 4275 quatuaeres
1218 4213 1237 4256 a
1247 4194 1373 4272 nostris,

219 4292 417 4375 Ecclesiaeque
423 4294 513 4356 rebus
524 4291 652 4373 disjungi
662 4311 717 4371 pro
728 4299 780 4354 tua
788 4291 998 4372 religionenon
1007 4299 1143 4372 possunt.
1152 4294 1197 4353 Ac
1204 4291 1235 4352 in
1241 4291 1374 4370 eximiae,

220 4395 330 4467 quate,
343 4391 496 4453 carissime
508 4389 538 4452 in
546 4389 662 4452 Christo
674 4390 714 4452 fili
725 4397 838 4468 noster,
849 4388 1232 4451 tuam'Christianissimam
1238 4392 1376 4453 Domum

221 4486 429 4566 prosequimur
441 4484 574 4549 caritatis
586 4494 795 4566 argumentum
813 4487 1009 4569 apostolicam
1019 4485 1260 4548 benedictionem
1272 4489 1376 4568 Regia
