3188 5414
612 521 835 578 uccuunnva
855 524 976 578 vrnvr.
1312 512 1364 583 ιιι
1436 495 1440 504 ’

221 625 481 687 Eminentissimus
502 633 532 686 et
554 627 829 708 Reverendissimns
852 628 1051 708 Hieronymus
1062 629 1139 689 tituli
1161 631 1190 689 S.
1217 630 1361 708 Balbine,

220 726 251 783 S.
267 725 303 785 R.
317 725 351 782 E.
366 721 528 784 cardinalis
539 723 678 804 Spinula,
689 724 872 788 Serenissimi
880 723 993 806 loseph
1003 726 1028 786 ll
1037 725 1149 787 electus
1158 727 1363 790 Romanorum

220 820 396 899 Imperator,
410 825 441 879 et
461 819 567 880 Petrus
579 821 749 903 leopoldus
767 823 832 900 ejus
848 839 1009 902 germanus
1028 820 1131 900 hater,
1155 838 1283 902 magnus
1303 823 1363 888 dux

219 916 358 993 Etruria,
371 917 402 977 in
411 916 553 997 predicta
562 924 650 998 porta
659 923 865 995 steterunt,nt
873 917 1364 982 Emmentissimumhlcxandmm
1421 987 1424 993 ,

155 1064 157 1068 ,
218 1013 327 1075 Albani
340 1013 455 1095 praelati
468 1014 657 1097 imperatoris
672 1015 754 1097 apud
767 1018 909 1079 Sanctam
921 1013 1032 1078 Scdem
1045 1014 1254 1078 administrum
1263 1016 1366 1101 pleni*

219 1108 432 1187 potentianum
442 1109 685 1191 adloquerentur.
1126 1193 1129 1198 1

258 1209 324 1270 Ηιι
343 1209 501 1272 occasione
520 1209 754 1273 Eminentissimi
768 1209 952 1293 Stuppanius
969 1209 1134 1290 Episcopus
1147 1210 1362 1288 Pnanestinns,

219 1304 364 1367 Roschius
381 1305 459 1367 titali
474 1307 526 1368 SS.
543 1306 667 1369 J'aannis
683 1313 714 1370 et
729 1306 813 1370 Pauli
828 1307 994 1388 presbyter,
1009 1311 1042 1368 et
1056 1307 1222 1368 veteranus
1238 1293 1294 1370 SS.⁵
1310 1310 1364 1373 Go
1406 1387 1408 1393 .

219 1421 291 1465 sma
300 1409 332 1466 et
341 1403 478 1466 Damiani
488 1403 645 1483 diaconus,
657 1403 824 1467 cardinales
835 1404 865 1466 in
878 1403 983 1466 ordine
996 1403 1131 1483 Priores,
1143 1423 1179 1466 ac
1191 1404 1291 1466 ceteri
1300 1423 1365 1467 om-

219 1521 272 1565 nes
292 1503 539 1582 Eminentissimi,
563 1503 692 1566 biretum
707 1521 768 1584 pra
789 1502 927 1565 manibus
951 1501 1111 1579 habentes,
1135 1508 1312 1584 retentoque
1333 1503 1363 1565 in

218 1600 317 1683 capite
330 1601 441 1683 pileolo
454 1601 562 1679 rubro,
579 1601 617 1663 ad
634 1600 808 1682 predictam
823 1599 949 1679 ianuam
964 1604 1153 1691 accesserunt
1159 1623 1171 1678 ,·
1192 1607 1225 1663 ιιι
1235 1601 1364 1692 praelatis

218 1697 316 1778 Regiis
331 1699 534 1780 Principibus,
548 1698 604 1761 atsi
615 1697 732 1761 diversa
746 1697 804 1760 alia
816 1701 851 1759 ιιι
869 1697 996 1774 assolet,
1015 1715 1108 1778 quam
1128 1716 1199 1760 vera
1216 1698 1364 1780 praeoelsve
1472 1779 1476 1786 Ι

218 1795 370 1875 dignitatis
381 1795 479 1877 specie
494 1797 606 1859 almam
618 1797 724 1859 urbem
742 1795 898 1876 ingressis,
910 1796 1064 1857 luculenta
1077 1795 1213 1876 obsequii
1230 1797 1365 1875 testimo·

219 1891 286 1970 nia,
294 1898 325 1954 et
334 1892 505 1954 communis
515 1892 620 1954 letitia
631 1891 863 1972 significationes
871 1881 1055 1953 exhiberent.
1070 1893 1180 1954 Omnes
1193 1897 1224 1954 et
1233 1893 1364 1977 singulos

219 1994 395 2074 Imperator,
411 2009 447 2053 ac
459 2010 586 2073 magnus
599 1982 661 2053 dux
675 1989 801 2052 Etrurie
810 1988 909 2070 capite
922 1987 1045 2050 omnino
1058 1987 1188 2067 demoto,
1210 1986 1363 2058 humanis·

218 2089 293 2151 sime
305 2094 504 2174 excepemnt,
517 2086 679 2150 ctallocuti
692 2092 773 2148 sunt.

258 2187 328 2248 Post
336 2192 478 2249 mutuum
490 2203 526 2248 ac
537 2184 661 2265 longum
672 2201 843 2246 sermonem
854 2181 1139 2250 iidemSerenlssiml
1151 2160 1303 2265 Principes
1313 2202 1364 2259 ar-

217 2280 292 2342 dens
301 2280 484 2343 desiderium
501 2280 695 2342 ostenderunt
710 2277 894 2359 ingrediendi
910 2278 1062 2365 paulisper
1080 2278 1251 2364 conclave,
1254 2274 1370 2358 atejus

218 2383 400 2440 structuram
413 2367 619 2458 conspicerent
633 2382 663 2438 et
679 2376 848 2457 legitimum
864 2377 1035 2437 Romanum
1046 2375 1223 2438 Pontificem
1237 2377 1364 2457 eligendi

218 2474 394 2536 methodum
401 2473 607 2536 edocerentur.
616 2475 717 2554 AEquo
724 2480 877 2536 tantorum
885 2471 1057 2553 Principum
1065 2471 1212 2536 desiderio
1221 2473 1365 2537 obsistere

217 2671 374 2749 pradictus
386 2672 592 2733 Romanorum
603 2670 716 2730 electus
730 2672 908 2749 Imperator,
921 2667 1045 2747 ejusque
1058 2666 1149 2728 lrater
1161 2669 1287 2747 Magnus
1299 2672 1365 2730 Dux

218 2768 352 2845 Etruria,
365 2768 535 2848 vetitusque
546 2766 821 2844 allericuicumque
834 2763 927 2824 etiam
939 2761 1032 2824 nobili
1052 2770 1082 2823 et
1093 2763 1199 2824 illustri
1213 2772 1365 2826 caractere

219 2863 362 2943 insignite
375 2881 510 2944 personae
523 2863 622 2925 aditus
636 2862 675 2923 ab
688 2858 944 2922 Excellentissimo
958 2875 1068 2936 magno
1082 2858 1237 2920 conclavis
1248 2861 1372 2921 Mares-¹

217 2958 338 3037 chalco,
360 2959 490 3023 exterius
514 2957 654 3021 eamdem
672 2964 818 3039 portam,
830 2954 955 3018 interius
976 2972 1047 3016 vero
1069 2953 1152 3017 illam
1176 2955 1364 3030 custodiente

218 3056 500 3120 Eminentissimoet
487 3053 766 3119 Reverendvssrmo
778 3051 922 3116 cardinali
932 3052 1106 3126 Rczzonico
1121 3054 1152 3120 S
1164 3055 1200 3115 R.
1214 3055 1249 3121 Ε
1261 3038 1375 3119 ιιιιιιι-Ι

219 3152 298 3214 rario
309 3171 364 3234 pro
376 3152 438 3215 suis
451 3148 574 3230 οιιιιίἰι,
585 3159 616 3214 et
626 3150 757 3232 vigilant
749 3169 784 3212 va
737 3149 912 3212 tdebito

258 3248 375 3310 Directe
391 3249 430 3310 ad
440 3249 587 3329 capellam
599 3247 743 3310 Sixtinam
753 3245 836 3309 ducti
854 3246 937 3308 luere
951 3220 1062 3312 laudati
1077 3219 1262 3310 Sevenlssimi
1277 3250 1366 3316 Prin

218 3345 316 3425 cipes,
338 3345 475 3407 universo
496 3343 806 3407 Eminentissimorum
825 3339 1027 3408 cardinalium
1045 3347 1123 3404 coetu
1147 3341 1295 3413 adstante
1321 3347 1365 3412 lbi

220 3440 352 3502 accensis
362 3441 455 3503 cereis
464 3442 591 3519 lacibus,
599 3439 791 3520 magnificam
798 3421 898 3500 sacelll
906 3442 1101 3516 structuram,
1114 3437 1259 3501 nobilium
1270 3440 1352 3522 pictu

220 3555 323 3597 rarum
336 3543 494 3615 ornatum,
511 3537 660 3600 Eminent
640 3536 825 3598 trasimorum
839 3536 964 3598 Petrum
977 3532 1097 3611 sedilia,
1118 3533 1289 3614 schedulas,
1314 3556 1365 3600 cas
1482 3561 1486 3568 ·

220 3624 1366 3715 comburendimodum,ceteraqueomniascrutinioperagendomaterialiter

180 3723 182 3727 ’
220 3735 338 3791 tantum
351 3729 556 3807 inservientia,
571 3749 607 3792 ac
616 3730 739 3792 tandem
752 3747 832 3792 novo
843 3731 979 3811 pontifici
993 3723 1367 3812 induendo'paratasJam-

219 3826 594 3909 diuvestesinspexerunt.
1349 3913 1351 3916 Ι

259 3926 304 3984 Ex
314 3924 372 3986 hac
383 3924 498 4006 capella
509 3925 551 3987 ad
560 3925 813 3989 aliarn'Paulinam
820 3973 829 4006 ,
843 3928 945 4009 inqua
958 3930 1178 3994 sanctissimum
1190 3913 1368 3994 Sacramen-

221 4026 286 4080 tum
297 4028 477 4100 asservatur,
491 4030 694 4101 accesserunt,
713 4021 765 4086 ubi
783 4024 1016 4089 sacratissimam
1033 4027 1254 4092 Eucharistiam
1271 4029 1302 4091 in
1316 4011 1366 4091 ιι-
1416 4052 1424 4064 ⁶

221 4117 382 4180 bernacnlo
393 4120 528 4182 clansam
541 4119 852 4200 bumilitervenerati,
875 4123 915 4185 ad
930 4123 1089 4189 viciniores
1105 4126 1366 4190 Eminentissimo-

221 4231 289 4274 rum
300 4215 422 4278 cellulas
430 4216 580 4297 progressi
589 4225 669 4280 sunt.
684 4219 718 4280 ln
726 4218 773 4282 bis
783 4221 879 4283 multa
892 4221 931 4284 de
941 4221 1060 4285 vivendi
1072 4208 1200 4303 ratione,
1211 4223 1250 4286 de
1257 4223 1364 4307 frugali

222 4313 359 4374 vescendi
370 4313 477 4392 modo,
491 4333 527 4376 ac
536 4316 574 4377 de
584 4315 750 4379 domestica
763 4319 953 4383 veneratione
965 4319 1097 4384 suscitati
1112 4328 1191 4384 sunt.

261 4411 356 4492 Super
374 4409 523 4492 magnum
533 4414 684 4476 Vaticana
704 4414 835 4477 Basilica
855 4417 1005 4496 porticum
1018 4419 1159 4496 adducti,
1178 4419 1314 4498 deloco,
1330 4440 1365 4482 ac

221 4506 318 4568 torma
330 4507 502 4588 publicandi
511 4528 623 4573 novum
634 4508 807 4592 pontificem
822 4512 1045 4592 inquisiverunt.
1058 4513 1193 4577 Tandem
1204 4515 1241 4578 ad
1253 4516 1365 4597 regiam
