3188 5414
310 517 343 566 10
740 509 945 565 CLEMENTlS
964 510 1028 563 xlv

299 616 504 677 ‘observantie
515 612 713 694 plenissimas.
731 615 791 674 Nos
809 619 890 674 certe
907 613 1085 674 luculentius
1100 613 1190 690 huius
1204 620 1263 675 tuae
1277 613 1397 695 pietatis
1412 635 1462 676 ar-

306 709 607 790 gumentumhabere
627 726 688 770 nou
699 727 873 789 possumus,
888 727 982 790 quam
1001 709 1083 789 quod
1097 709 1171 772 fusis
1190 709 1340 772 rubeum
1358 712 1461 790 preci-

307 807 364 869 bus
384 806 589 868 infirmitatem
610 812 745 867 nostram
770 805 875 869 fulcire
897 825 933 868 ac
954 807 1097 868 roborare
1117 808 1295 870 contendas.
1311 810 1462 883 Quemad-

305 903 433 966 modum
450 903 540 983 igitur
560 901 637 981 grati
658 901 751 963 animi
773 903 866 964 nostri
894 921 999 966 sensus
1021 904 1076 965 tibi
1103 923 1168 966 esse
1191 912 1333 983 testatos,
1362 907 1404 968 ita
1429 917 1460 969 et

305 1001 498 1063 vehementer
512 1018 576 1062 esse
593 1013 771 1080 persuasum
786 998 943 1081 cupimus,
958 1001 1033 1063 nihil
1047 1002 1139 1064 Nobis
1159 1021 1307 1084 prospera
1326 1004 1380 1065 tibi
1394 1024 1461 1067 our-

305 1099 357 1159 nia
375 1097 566 1177 cupientibus
580 1095 744 1176 jucundius
754 1114 888 1178 unquam
901 1098 1053 1178 futurum,
1065 1117 1158 1180 quarn
1171 1106 1205 1162 ut
1216 1102 1460 1182 opportunitates

304 1200 438 1275 paternae
454 1194 485 1256 iu
500 1201 530 1255 te
544 1195 707 1257 voluntatis
722 1199 832 1258 nostrus
846 1197 936 1260 rebus
950 1197 1024 1279 ipsis
1036 1197 1225 1261 declarandae
1238 1199 1331 1261 Nobis
1344 1218 1459 1280 suppe-

305 1293 450 1355 ditentur.
463 1292 587 1354 Interim
597 1293 746 1354 nobilitati
761 1299 821 1355 ture
831 1296 1029 1375 apostolicam
1041 1295 1282 1358 benedictionem
1293 1316 1460 1378 peraman-

305 1397 351 1452 ter
367 1389 567 1472 impertimur.
592 1391 705 1452 Datum
724 1392 844 1464 Romoe,
864 1401 934 1464 etc„
951 1396 1000 1455 die
1020 1405 1038 1454 8
1051 1397 1132 1472 julii
1153 1406 1246 1470 1769,
1263 1400 1459 1476 pontificatus

305 1493 403 1550 nostri
413 1506 495 1550 curro
507 1493 620 1568 primo.
930 1519 934 1523 -

793 1603 977 1617 Μ’

850 1689 909 1759 ΧΙ.

718 1854 907 1897 vrurusrrur
930 1853 1045 1897 rmrnr

530 1968 709 2030 GAROLO
738 1968 957 2030 EPISGOPO
975 1968 1232 2030 -LEODIENSI

612 2088 847 2169 crunnus
874 2091 1005 2210 rura
1033 2090 1127 2169 xrv

1097 2262 1193 2319 Rome,
1207 2263 1234 2308 ¹2
1245 2254 1298 2319 julii
1310 2260 1378 2308 {7692

348 2367 533 2429 Venerabilis
544 2367 662 2437 Frater,
675 2371 733 2430 etc.
747 2366 880 2428 Maximo
888 2365 1000 2446 gaudio
1007 2365 1199 2428 etcivitatem
1209 2371 1307 2444 tuam,
1316 2371 1348 2427 et
1360 2365 1458 2428 eccle·

304 2465 393 2542 siam,
408 2470 439 2527 et
452 2463 601 2546 teipsum,
616 2463 803 2526 Venerabilis
819 2466 934 2542 Frater,
951 2464 1077 2526 affectos
1091 2463 1185 2525 fuisse
1200 2464 1241 2525 ob
1259 2463 1405 2525 nuncium
1418 2463 1460 2524 dc

303 2561 688 2644 pontificisadiiosdivino
695 2561 821 2623 consitio
827 2561 928 2624 delata
938 2561 1084 2643 dignitate
1091 2561 1458 2624 luculenterdeciarorunt

303 2668 364 2723 tuae
377 2660 578 2738 observantia,
593 2660 717 2742 pietate,
737 2679 773 2722 ac
789 2659 929 2722 omnium
949 2661 980 2722 in
999 2661 1061 2722 Nos
1077 2659 1249 2722 officiorum
1263 2677 1374 2740 genere
1393 2659 1457 2739 ple-

303 2757 436 2822 nissimoe
458 2758 582 2836 littere,
602 2764 634 2818 et
654 2757 707 2837 qui
728 2775 780 2820 eas
804 2757 896 2818 Nobis
921 2756 1051 2819 reddidit
1070 2757 1198 2819 dilectus
1218 2756 1299 2818 tilius
1321 2756 1459 2819 Mar-chio

303 2857 459 2920 Anticcius
470 2855 715 2935 tuaebdjusmodi
729 2855 892 2918 voluntatis
905 2855 1151 2936 diligentissimus
1165 2855 1324 2936 interpres.
1342 2853 1402 2916 Sed
1415 2854 1458 2915 ita

302 2955 451 3038 perspecti
467 2954 533 3035 jam
557 2958 646 3016 antea
665 2953 759 3015 Nobis
781 2958 869 3016 erant
886 2952 1097 3015 Frstemitatis
1110 2958 1170 3013 ture
1194 2953 1226 3012 in
1251 2950 1458 3033 Apostolicarn

302 3053 383 3115 hanc
402 3052 507 3114 sedem
528 3070 646 3129 sursus,
666 3057 701 3113 ut
711 3051 836 3113 eosdem
846 3068 929 3111 nunc
941 3050 1104 3111 cumulatis
1113 3048 1384 3130 significationibus
1395 3056 1457 3110 tes-

302 3157 381 3212 telos
395 3168 458 3211 non
476 3168 550 3211 sane
573 3148 663 3210 nobis
683 3147 874 3229 probaveris,
895 3165 990 3227 quarn
1008 3147 1106 3226 magis
1120 3147 1276 3232 magisque
1288 3146 1456 3208 confirma-

302 3246 390 3308 veris.
406 3247 514 3325 itaque
523 3242 694 3325 gratissima
702 3242 796 3304 Nobis
805 3241 939 3320 fuerunt,
951 3249 1043 3324 atque
1056 3245 1267 3324 acceptissima
1280 3243 1380 3305 cilicio
1390 3243 1456 3304 baec

302 3351 373 3420 tua,
384 3361 452 3423 quae
464 3361 482 3403 a
495 3348 525 3402 te
539 3342 632 3402 etiam
645 3339 741 3418 magis
754 3339 930 3419 amplificari
944 3347 1088 3421 putamus
1099 3340 1173 3403 fusis
1187 3341 1224 3404 ad
1238 3340 1456 3403 misericordia-

301 3457 371 3501 rum
391 3441 513 3499 Patrem
531 3436 689 3517 precibus,
711 3441 743 3496 ut
759 3443 932 3501 nostrarum
951 3439 1061 3500 virium
1084 3440 1322 3502 imbecillitatem
1340 3439 1369 3501 in
1383 3459 1457 3519 gra-

301 3536 425 3599 vissimo
440 3533 615 3597 sustinendo
636 3550 762 3596 munere
774 3553 828 3598 suo
846 3536 909 3616 ipse
929 3537 1070 3619 praesidio
1091 3536 1195 3598 fulciat
1216 3555 1252 3598 ac
1268 3537 1453 3599 corroboret.

301 3637 363 3698 Nos
376 3632 499 3715 quidem
512 3630 633 3693 vocanti
653 3631 811 3712 obsequuti
826 3635 887 3696 Deo
903 3633 942 3695 ad
955 3634 1121 3713 regendum
1136 3633 1218 3695 Petri
1232 3634 1377 3696 naviculae
1398 3654 1457 3713 gu-

301 3732 500 3796 bernaculum
513 3728 562 3790 iias
581 3729 781 3807 accessimus,
799 3737 835 3791 ut
849 3736 881 3792 et
898 3730 926 3792 si
940 3737 1048 3792 sentos
1069 3734 1324 3812 tempestatesque
1342 3731 1457 3792 videre

302 3850 381 3909 mus,
395 3828 516 3892 modica
530 3833 633 3889 tamen
648 3846 712 3890 esse
732 3828 792 3890 tide
808 3847 844 3891 uc
855 3829 895 3891 de
912 3829 977 3908 eius
992 3829 1131 3912 presenti
1151 3827 1376 3907 certissimaque
1397 3845 1456 3907 opo

256 3982 257 3986 ,
301 3929 440 3993 dubitare
456 3945 517 3990 non
536 3943 705 4006 possemus.
725 3929 790 4002 Quo
809 3927 890 3988 enim
910 3927 1091 3989 infirmiores
1110 3929 1171 3989 Nos
1185 3944 1303 4002 sumus,
1323 3944 1359 3986 eo
1382 3944 1457 4006 per-

302 4029 482 4108 spectiorem
493 4022 557 4086 fore
569 4022 663 4104 ipsius
677 4024 848 4086 miserentis
859 4026 1000 4089 Ecclesiae
1012 4045 1074 4088 suae
1087 4024 1270 4107 potentiam,
1281 4022 1311 4084 iu
1323 4041 1454 4104 eumque

301 4122 512 4188 tantummodo
524 4121 652 4204 gloriam
660 4140 700 4184 ac
711 4122 861 4186 bonorem
874 4141 997 4186 onustam
1010 4123 1251 4186 redundaturum
1262 4141 1330 4184 csse
1342 4122 1456 4184 inteili-

300 4221 455 4300 gebarnus.
472 4223 499 4283 A
512 4223 575 4282 ileo
589 4218 679 4300 igitur
690 4221 857 4301 petendum
868 4227 902 4282 et
911 4223 1136 4303 expectandum
1145 4228 1194 4284 est
1203 4219 1356 4301 quidquid
1368 4220 1454 4282 iaus-

300 4326 367 4379 tum
377 4319 470 4380 Nobis
483 4313 549 4400 ipse
562 4316 632 4379 felix
647 4323 739 4398 atqrre
751 4317 943 4400 auspicatum
956 4326 1083 4401 exoptas
1099 4330 1131 4381 et
1143 4319 1300 4400 augularis
1312 4343 1322 4381 τ
1335 4319 1366 4380 in
1375 4319 1455 4398 judi·

301 4416 349 4478 oio
359 4433 431 4477 vero
439 4415 480 4477 de
489 4415 584 4478 Nobis
595 4422 650 4478 tuo
661 4416 735 4477 nibil
748 4416 815 4496 ipsi,
829 4417 888 4479 nisi
899 4417 1132 4495 humanitatem
1145 4418 1304 4499 pictam
1315 4437 1353 4479 ac
1366 4417 1453 4478 rebe-

301 4531 386 4576 mens
402 4512 433 4576 in
443 4514 505 4576 Nos
521 4513 614 4577 animi
627 4514 677 4597 tiri
695 4513 828 4578 sardium
843 4516 1044 4597 agnoscimus.
1067 4517 1128 4578 Noa
1145 4515 1277 4578 invicem
1300 4516 1342 4577 ita
1355 4515 1387 4576 in
1400 4521 1432 4575 te
1441 4557 1455 4592 r
