3188 5414
472 494 654 547 EPlSTOLAE
672 491 716 542 li'l'
735 492 865 544 uuella
886 494 1122 550 SELECTlORA.
1339 493 1373 551 75

224 604 270 659 ter
282 598 357 674 Nos,
372 616 409 658 ao
422 596 551 658 eundem
569 595 756 659 carissimum
774 597 805 658 in
824 598 940 660 Christo
955 599 1051 661 filium
1065 606 1202 660 nostrum
1215 600 1374 680 singularis

223 695 326 775 gratie
345 695 456 758 amoris
476 696 655 777 pietatisque
669 698 860 777 coniunctio,
873 682 981 762 eadem
997 697 1095 780 maps'
1114 699 1145 760 in
1157 699 1221 761 dies
1234 703 1370 781 consilia
1405 768 1407 772 ,

223 795 323 863 studio
348 801 438 876 atque
460 813 555 877 opera
576 801 630 858 tua
645 796 840 877 provehatur.
858 798 924 871 Quo
939 797 1088 878 ‘predm
1106 815 1180 858 sane
1202 797 1303 870 officio
1317 808 1373 863 tua

221 892 803 974 toaequepietatimaximeconsentaueo
813 893 1224 958 miraminmodumetlranc
1235 903 1371 959 sannam

221 992 497 1071 sedern‘demereri,
509 999 541 1055 et
549 999 707 1073 paternam
715 998 851 1055 nostram
859 993 1118 1074 plurimaminte,
1129 1001 1219 1075 atque
1231 993 1372 1057 eximiam

163 1134 168 1138 ·
221 1088 463 1156 benevolentiam
476 1089 661 1170 amplificare
679 1107 805 1170 perges,
819 1089 850 1154 in
863 1090 951 1167 eujus
963 1090 1163 1152 certissimum
1174 1091 1283 1172 pignus
1298 1093 1370 1170 tihi,

221 1186 330 1252 dilecte
344 1189 386 1254 fili
399 1188 508 1266 nobilis
518 1189 575 1267 vir,
592 1187 788 1270 apostolicam
801 1187 1040 1250 benedictionem
1051 1196 1244 1269 peramanter
1256 1189 1372 1269 imper-

221 1284 323 1351 timur.
346 1287 460 1348 Dotem
482 1288 594 1357 Rome,
616 1292 691 1361 etc„
715 1286 766 1346 die
789 1288 930 1364 sepelis
953 1298 1046 1364 mu,
1063 1289 1257 1366 pontificatus
1275 1294 1371 1350 nostri

219 1399 299 1443 enno
310 1388 418 1461 priano.

649 1554 663 1582 ²
685 1595 686 1598 ‘
719 1563 850 1664 niun

479 1747 642 1791 GARlSSlMO
664 1748 699 1790 IN
718 1748 854 1811 [cunlsro
877 1748 965 1790 rlnlo
987 1749 1106 1794 NOSTBO

371 1855 538 1920 rosaruo
552 1837 845 1920 'rourucmrrn
863 1856 913 1916 ar
932 1855 1215 1917 momnronun

573 1983 580 1992 '
648 1978 724 2029 itltGI
740 1977 939 2029 Frnfflssluo

340 2097 343 2100 ’
371 2167 374 2170 4
486 2149 492 2162 .
526 2078 761 2161 CLEMENS
788 2084 917 2160 ΡΑΡΑ
944 2083 1052 2159 XIV.

1000 2243 1099 2301 Romae,
1111 2249 1126 2290 s
1138 2241 1222 2304 aprilis
1236 2245 1304 2295 ¹770.
1364 2271 1369 2287 ,ν

258 2348 432 2418 Carissime,
448 2353 504 2408 etc.
516 2346 608 2426 Regia
618 2347 759 2426 Maiestas
769 2350 834 2411 Tua
843 2364 916 2410 curn
928 2366 986 2428 pro
998 2347 1141 2427 singulari
1155 2366 1212 2410 sua
1220 2348 1371 2430 sapientia.

217 2442 401 2507 ,Venerabilis
411 2442 524 2510 Fratris
533 2444 660 2509 loannis
669 2445 887 2527 archiepiscopi
897 2445 1059 2508 Eborensis
1078 2445 1214 2509 minum
1226 2447 1264 2509 iis
1277 2467 1371 2511 exur-

216 2541 281 2605 nari
302 2540 462 2607 virtutibus
475 2541 608 2620 videret,
621 2560 689 2623 qua
703 2550 880 2624 opportuna
894 2542 1025 2605 maxime
1038 2548 1138 2605 esseut
1156 2542 1196 2605 ad
1213 2544 1368 2609 sustinen-

217 2636 290 2700 dum
300 2637 449 2717 generalis
462 2639 493 2706 iu
504 2639 563 2705 isto
573 2657 666 2721 regno
680 2640 867 2722 inquisitoris
877 2658 1000 2719 munus,
1012 2659 1045 2702 se
1054 2639 1246 2703 vehementer
1255 2660 1371 2723 cupere

217 2735 394 2814 significavit
406 2736 516 2814 Nobis,
529 2743 564 2801 ut
581 2738 667 2804 illurn
678 2738 718 2799 ad
730 2744 887 2802 vacantem
907 2756 991 2800 nunc
1007 2755 1077 2798 eam
1087 2737 1278 2817 provinciam
1292 2759 1372 2802 auo-

216 2832 340 2896 toritate
367 2834 532 2914 apostolica
557 2852 818 2915 promoveremus,
837 2841 869 2894 et
886 2833 1148 2895 confirmaremus.
1171 2834 1233 2895 Nos
1267 2834 1373 2915 itaque

216 2951 272 3011 pro
286 2931 407 3009 eximia
420 2951 482 3012 qua
492 2932 524 2994 in
535 2937 566 2994 te
575 2949 681 2994 sumus
692 2931 817 2995 canate
825 2973 833 3008 ,
841 2936 961 3009 quanta
972 2927 1105 2990 maxime
1118 2944 1371 3010 possumuspona

217 3028 314 3090 tificiae
331 3027 495 3095 voluntatis
507 3027 708 3109 propensione
727 3027 826 3090 studia
843 3033 898 3088 tna
914 3032 1146 3107 prosequentes,
1167 3025 1318 3092 carissime
1337 3029 1372 3091 in.

217 3123 333 3189 Christo
356 3124 398 3191 fili
416 3131 534 3204 noster,
549 3124 685 3204 ejusdem
698 3123 885 3186 Venerabilis
898 3121 1009 3184 Fratris
1028 3141 1047 3184 a
1070 3127 1100 3184 te
1112 3122 1205 3184 Nobis
1221 3127 1372 3205 propositi

217 3241 253 3284 ac
267 3223 549 3303 presentationem
562 3233 631 3286 eam
644 3269 654 3302 ,
665 3242 759 3304 quam
771 3221 943 3304 postulasti,
956 3219 1104 3284 rationem
1116 3219 1288 3286 habendam
1302 3244 1369 3288 esse

216 3320 372 3398 duximus,
385 3320 643 3401 quemadmodum
655 3341 692 3384 ex
706 3320 840 3402 perlecta
851 3322 917 3400 jam
927 3340 961 3383 re
974 3339 1012 3382 ex
1022 3319 1144 3384 duobus
1156 3320 1288 3400 scilicet,
1300 3343 1367 3404 qua

217 3436 296 3480 nune
305 3437 367 3479 una
378 3418 620 3496 transmittimus,
633 3418 778 3484 Brevibus
788 3436 964 3499 cognosces,
974 3417 1147 3497 inquorum
1160 3417 1254 3479 altero
1267 3417 1368 3499 ipsum

216 3515 248 3577 in
267 3516 436 3593 generalem
458 3517 541 3597 regni
559 3517 604 3582 tui
627 3515 838 3596 Inquisitorem
861 3514 1090 3604 constituimus,
1107 3514 1311 3587 declaramus,
1336 3525 1369 3579 et

217 3597 444 3691 confirmamus,
457 3612 489 3676 iu
500 3614 595 3675 altero
613 3631 745 3675 veroeas
757 3630 880 3691 omnes,
898 3631 966 3692 quae
985 3611 1024 3673 ad
1037 3611 1238 3673 exercendum
1253 3612 1283 3673 id
1294 3632 1366 3675 mu-

217 3729 274 3772 nus
287 3711 492 3792 requiruntur,
508 3712 666 3775 facultates
684 3711 885 3792 impertimur.
900 3713 946 3772 Ex
958 3709 1016 3771 hac
1036 3715 1140 3771 nostra
1158 3709 1365 3789 gratificandi,

218 3825 254 3867 ac
274 3807 458 3888 obsequendi
477 3807 532 3874 tibi
550 3809 703 3874 alacritate
720 3808 793 3871 satis
805 3808 897 3873 etiam
911 3805 1081 3887 perspicere
1095 3811 1194 3886 potes,
1215 3806 1367 3874 eunome

217 3904 248 3970 in
270 3906 387 3968 Christo
411 3906 453 3972 lili
470 3912 584 3984 noster,
599 3925 692 3987 quam
711 3906 838 3973 mirifice
860 3906 891 3971 in
912 3905 957 3968 tui
975 3923 1110 3968 amorem
1131 3905 1365 3987 inflammemur,

218 4003 461 4087 delectemurque
475 4005 585 4072 fiducia
598 4005 629 4070 iu
644 4007 706 4069 Nos
723 4014 788 4086 tua,
806 4025 843 4068 ac
860 4022 955 4070 novas
971 4003 1105 4084 qnotidie
1127 4003 1369 4086 opportunitates·

218 4099 283 4161 dari
300 4103 393 4165 Nobis
407 4110 519 4166 mutua
532 4103 706 4181 hujusmodi
716 4103 793 4168 inter
807 4105 869 4168 Nos
881 4100 1093 4167 coutimrandra
1107 4100 1227 4182 pietatis
1240 4107 1369 4181 exopte-

219 4217 297 4261 mus.
313 4202 373 4263 Fac
393 4201 494 4280 igitur,
507 4207 552 4279 ut,
567 4202 650 4282 qnod
666 4203 860 4265 vehementer
871 4201 1021 4282 cupimus,
1040 4200 1171 4264 maxime
1189 4218 1366 4281 perauaatun

218 4315 283 4357 esse
299 4297 396 4376 Regia
409 4299 558 4378 Majestati
578 4301 648 4362 Tua
662 4299 874 4381 metuamus,
896 4301 1047 4363 uberrima
1064 4318 1185 4380 semper
1201 4301 1367 4364 constitura

220 4394 289 4478 tibi,
306 4402 337 4455 et
349 4395 588 4462 cumulatissime
608 4417 734 4478 queque
752 4397 869 4479 paterni
883 4397 1039 4478 singularis
1061 4398 1091 4459 in
1111 4404 1141 4458 te
1161 4398 1252 4469 animi
1272 4399 1370 4465 nostri

219 4491 398 4584 wstunouia.
419 4497 515 4568 Quam
528 4494 795 4559 luculentissimam
812 4497 996 4559 voluntatem
1016 4504 1051 4560 ut
1068 4496 1166 4560 adhuc
1181 4500 1366 4567 testationem
