3188 5414
338 494 372 543 tu
770 486 971 542 CLEMENTIS
990 487 1053 540 xlv

338 596 489 655 trumento
510 593 710 670 continentur,
726 610 921 672 quaecumque
934 591 972 653 ad
992 590 1143 669 religionis
1160 592 1292 666 cultum,
1307 589 1347 650 ad
1363 608 1482 654 morunt

337 690 543 771 disciplinam,
560 697 699 770 recteque
718 690 836 752 vivendi
858 689 1076 751 institutionem
1098 688 1257 768 pertinent.
1274 688 1351 749 Hinc
1369 694 1481 766 myste-

337 786 451 850 riorum
462 787 666 865 altitudinem,
679 788 750 849 ltine
770 788 907 868 pietatis,-
923 786 1107 863 honestatis,
1123 785 1261 864 justitie,
1284 784 1482 846 humanitatis

336 886 436 948 cilicia
446 885 618 949 ediscimus.
633 886 711 962 Quid
721 889 794 965 Deo,
806 887 880 968 quid
889 885 1039 963 Ecclesiae,
1051 884 1124 965 quid
1136 883 1258 964 patria,
1271 881 1480 963 quidoivibus,

335 983 408 1064 quid
421 984 534 1046 ceteris
552 984 724 1047 hominlbus
733 985 915 1062 debeamus,
931 982 1134 1063 intelligimus.
1150 980 1236 1043 Unde
1250 979 1339 1041 nullis
1354 978 1481 1058 precla-

333 1082 414 1160 rius,
428 1101 520 1162 quam
531 1082 578 1144 his
589 1101 665 1144 vera
678 1082 830 1163 religionis
842 1083 958 1164 legibus
964 1081 1121 1143 civitatum
1132 1079 1237 1156 etiam,
1252 1095 1289 1139 ac
1303 1075 1481 1138 societatum

330 1180 400 1257 juro
420 1178 551 1241 stabilita
571 1197 636 1241 esse
655 1167 876 1259 cognoscimus.
901 1180 947 1240 Ao
968 1183 1128 1258 propterea
1151 1193 1242 1237 nemo
1261 1174 1323 1236 lere
1345 1189 1479 1251 uuquam

332 1275 438 1337 divinis
448 1275 775 1339 Christisanctionibus
783 1277 897 1339 bellum
910 1275 1021 1352 intulit,
1035 1273 1110 1354 quin
1123 1272 1205 1336 idem
1213 1271 1369 1348 continuo,
1384 1287 1479 1349 quan-

332 1379 398 1432 tum
417 1371 448 1431 in
469 1388 503 1431 se
517 1374 580 1448 est,
595 1372 778 1451 populorum
800 1371 1046 1452 tranquillitatem
1071 1367 1270 1450 perturbarit,
1294 1385 1399 1446 regum
1420 1367 1479 1428 ob-

331 1468 470 1548 sequium
492 1467 682 1546 detrectarit,
706 1468 830 1544 infesta,
856 1486 891 1529 ac
914 1468 1028 1530 incerte
1049 1466 1278 1530 omniaiecerit.
1307 1467 1416 1544 Magna
1433 1472 1478 1526 est

330 1565 411 1626 enim
424 1565 502 1626 inter
521 1565 627 1628 divine
639 1584 675 1629 ac
688 1566 828 1628 humana
840 1568 998 1648 potestatis
1005 1568 1075 1646 jura
1089 1566 1281 1646 conjunctio,
1303 1583 1340 1626 ac
1353 1563 1479 1644 proinde

330 1661 381 1741 qui
395 1662 570 1726 Christianae
590 1664 663 1744 legis
678 1665 857 1727 auctoritate
876 1684 982 1747 regum
997 1667 1124 1748 imperia
1136 1666 1255 1731 munita
1267 1683 1334 1726 esse
1347 1671 1478 1740 norunt,

331 1761 421 1823 alacri
437 1762 538 1824 animo
557 1762 663 1824 iisdem
687 1763 912 1845 obtemperant,
934 1772 1074 1828 verentur
1093 1764 1279 1846 potentiam,
1303 1762 1479 1841 dignitatem

329 1858 502 1938 observant,
515 1865 545 1922 et
560 1861 674 1926 colunt.

304 1950 310 1961 ’
368 1956 468 2038 Atque
479 1957 558 2042 trane
571 1957 694 2038 quidem
708 1959 878 2021 divinarum
887 1961 1147 2041 praescriptionum
1155 1965 1290 2040 partem,
1305 1956 1478 2019 conminus

328 2071 399 2115 cum
411 2055 594 2137 populorum
606 2055 840 2136 tranquillitate,
855 2072 948 2136 quam
959 2074 1030 2118 cum
1044 2055 1213 2118 animarum
1224 2055 1319 2115 salute
1331 2052 1480 2128 coniunc-

328 2148 475 2210 tissimam
482 2150 706 2212 considerantes
717 2169 899 2230 magnopere
909 2169 963 2211 vos
972 2151 1142 2227 hortamur,
1149 2147 1341 2210 venerabiles
1348 2149 1480 2223 Fratres,

329 2251 362 2304 ut
372 2251 442 2324 post
452 2247 560 2323 Deum
569 2263 605 2306 ac
615 2244 709 2305 divini
720 2244 820 2305 cultus
828 2245 1006 2306 constitutas
1017 2245 1048 2305 in
1057 2244 1194 2305 Ecclesia
1201 2243 1344 2318 rationes,
1356 2260 1480 2305 omnem

328 2339 560 2404 sollicitudinem
570 2346 702 2405 vestram
712 2340 750 2402 ad
760 2340 908 2420 populum
919 2358 1026 2419 regum
1036 2340 1207 2402 ohedientia
1219 2358 1255 2402 ac
1263 2339 1409 2418 obsequio
1420 2340 1479 2402 rite

328 2435 525 2499 imbuendum
547 2436 739 2499 convertatis.
768 2436 813 2497 llli
836 2437 980 2499 nimirum
1003 2437 1042 2499 ad
1062 2437 1216 2518 publicam
1240 2437 1481 2502 incolumitatem

327 2533 483 2613 tuendam,
495 2553 531 2598 ac
542 2535 719 2600 hominesin
729 2534 807 2613 juris
817 2534 959 2614 aequitate
972 2532 1171 2595 continendos
1180 2533 1211 2595 in
1226 2528 1370 2594 altissimo
1380 2534 1476 2612 gradu

327 2650 390 2711 prae
404 2630 519 2693 caeteris
536 2638 607 2696 sunt
628 2631 795 2693 constituti.
810 2630 937 2692 Ministri
950 2630 1041 2693 enim
1055 2629 1108 2692 llei
1134 2636 1204 2694 suut
1224 2629 1255 2692 in
1269 2630 1402 2706 bonum,
1419 2649 1479 2692 nec

327 2730 402 2792 sine·
413 2749 506 2794 causa
519 2731 654 2814 gladium
670 2737 812 2812 portant,
827 2730 959 2792 vindices
974 2731 1006 2793 in
1026 2731 1103 2795 iram
1120 2733 1166 2809 ei,
1179 2730 1230 2811 qui
1255 2731 1371 2792 malum
1393 2731 1475 2809 agit;

286 2870 287 2873 ,
326 2825 472 2889 carissimi
493 2834 639 2913 praeterea
657 2828 798 2891 Ecclesia
811 2828 864 2890 tilii
878 2835 948 2891 suut
956 2874 965 2907 ,
981 2845 1017 2890 ac
1029 2829 1169 2910 patroni,
1185 2847 1316 2910 quornm
1329 2834 1375 2890 est
1390 2846 1478 2889 eam-

327 2924 414 3004 dem,
429 2930 463 2990 ut
473 2931 643 3006 parentem,
658 2925 792 3006 diligere,
805 2926 930 3006 ejusque
941 2943 1083 3003 causam,
1098 2944 1134 2988 ac
1143 2925 1214 3004 jura
1223 2924 1385 2987 custodire.
1395 2926 1479 2997 Quos

327 3020 416 3101 igitur
427 3021 618 3084 instruendos
630 3021 662 3083 in
681 3021 788 3084 Christi
801 3022 867 3102 lege
878 3023 1070 3103 suscepistis,
1090 3028 1209 3085 mature
1220 3022 1323 3084 divino
1334 3021 1478 3101 illoprae-

327 3122 415 3197 cepto
425 3118 603 3180 imbuendos
614 3125 735 3180 curate:
749 3117 840 3179 tidem
848 3119 970 3198 regibus
979 3125 1156 3181 sancteesse
1167 3118 1344 3180 servandam
1353 3118 1393 3178 ab
1404 3117 1478 3196 ipsis

327 3213 516 3276 incunabulis
527 3215 710 3295 percipiant,
730 3214 899 3294 parendum
914 3216 1100 3295 auctoritati,
1113 3215 1229 3295 legibus
1247 3213 1477 3293 obsequendum

326 3327 388 3371 non
405 3311 504 3372 solum
523 3317 647 3391 propter
659 3312 753 3388 iram,
772 3311 824 3373 sed
845 3312 938 3374 etiarn
950 3319 1075 3394 propter
1092 3310 1317 3373 conscientiam.
1339 3311 1416 3372 Cum
1435 3311 1477 3375 ita

326 3409 509 3488 populorum
522 3409 613 3470 animi
627 3408 738 3471 luerint
751 3428 844 3491 opera
856 3418 956 3472 vestra
973 3409 1110 3482 excitati,
1123 3426 1184 3470 non
1200 3409 1299 3470 solum
1311 3414 1345 3469 ut
1354 3408 1477 3487 regilius

327 3504 409 3567 dicto
424 3505 578 3567 audientes
588 3507 663 3584 siut,
679 3507 732 3568 sed
743 3508 836 3568 etiam
845 3513 941 3570 uteos
950 3507 1067 3581 colant,
1078 3523 1114 3566 ac
1124 3504 1265 3586 diligant,
1280 3511 1347 3567 tum
1360 3507 1476 3588 optime

326 3608 357 3663 et
373 3601 484 3665 civium
492 3604 714 3684 tranquillitati,
729 3612 760 3667 et
779 3606 919 3669 Ecclesiae
930 3604 1068 3683 utilitati,
1082 3623 1149 3686 quae
1167 3605 1244 3668 inter
1266 3624 1298 3667 se
1319 3604 1478 3685 disjuncte

326 3691 391 3762 esse
405 3719 465 3762 uon
479 3708 616 3782 possunt,
629 3705 801 3766 consuletis.
818 3707 877 3766 Eas
887 3722 958 3766 vero
967 3702 1058 3765 officii
1069 3702 1159 3765 vestri
1170 3709 1271 3784 partes
1286 3702 1410 3764 uberius
1423 3722 1475 3765 eu-

325 3799 494 3878 mulabitis,
506 3800 532 3861 si
546 3799 582 3861 ad
595 3801 786 3881 quotidianas
799 3820 855 3882 pro
868 3801 983 3881 populo
998 3816 1118 3880 preces,
1132 3800 1299 3880 peculiares
1313 3799 1406 3862 etiam
1418 3818 1475 3879 pro

324 3914 410 3976 rege,
433 3895 654 3958 obsecrationes
682 3896 869 3976 adjungatis,
891 3903 925 3957 ut
944 3896 1112 3958 incolumes
1132 3896 1173 3960 illi
1194 3895 1270 3974 sint,
1294 3901 1329 3957 ut
1350 3913 1422 3958 suos
1444 3896 1475 3958 in

324 3993 482 4073 aequitate,
494 4012 586 4074 pace,
601 4013 637 4056 ao
644 3994 762 4072 justitia
771 4000 893 4074 regant,
906 4001 941 4055 ut
951 3996 1046 4056 Deum
1056 3994 1155 4075 ipsum
1167 3995 1198 4056 in
1211 4012 1305 4074 regno
1315 3992 1475 4058 hominum

325 4089 531 4152 dominantem
550 4098 781 4171 cognoscentes,
796 4091 931 4171 ejusdem
949 4110 1073 4157 causam
1085 4098 1186 4155 sancte
1199 4091 1309 4172 pieque
1320 4096 1472 4166 tueantur,

327 4203 362 4247 ac
380 4189 557 4266 provehant.
573 4191 619 4250 lta
639 4189 757 4251 avobis
773 4190 830 4251 erit
849 4189 1025 4252 conminus
1044 4189 1207 4270 episcopali
1225 4194 1327 4251 vestre
1337 4187 1475 4263 muneri,

326 4301 418 4361 quam
433 4286 568 4347 omnium
579 4287 748 4349 commodis
761 4286 960 4349 satisfactum.
972 4287 1048 4361 Quid
1062 4289 1144 4349 enim
1152 4286 1263 4366 justius
1275 4303 1310 4346 ac
1324 4289 1471 4365 opportu-

325 4378 409 4454 nius,
423 4398 515 4458 quam
526 4400 582 4461 pro
596 4376 717 4443 auctore
737 4382 864 4462 publicae
876 4381 977 4462 pecie,
992 4401 1027 4443 ac
1040 4381 1152 4443 civium
1170 4380 1273 4446 salutis
1295 4379 1420 4445 custode
1434 4379 1476 4440 ab

326 4475 383 4537 illis
397 4483 542 4556 perpetuo
558 4478 719 4540 Dominum
734 4478 902 4556 obsecrari,
917 4478 967 4558 qui
983 4498 1038 4559 pro
1061 4478 1233 4541 hominibus
1250 4477 1472 4540 constituuntur
