3188 5414
231 537 280 586 llll
659 533 860 588 CLEMENTlS
878 533 943 587 xlv

228 645 261 696 tu
276 636 485 698 difficillimum
506 636 602 714 toret,
623 652 813 718 nequaquam
833 643 934 698 tamen
954 636 1032 718 passi
1055 653 1204 712 essemus,
1219 640 1254 696 ut
1266 634 1376 698 tandiu

228 748 406 812 remensum
416 738 554 794 nostrum
562 731 758 811 desiderares,
774 734 828 795 nisi
841 734 891 795 illo
901 733 967 814 ipso
978 732 1115 813 tempore
1124 777 1132 810 ,
1142 751 1205 812 quo
1218 731 1377 810 adte'J'sm

226 829 424 910 perscriptam
435 829 535 892 daturi
551 849 671 893 eramus
685 831 864 912 epistolam,
878 832 968 893 allata
989 829 1027 892 ad
1037 849 1093 892 nos
1104 829 1242 911 quadam
1255 838 1376 907 essent,

226 927 338 1010 quibus
351 926 460 992 auditis
475 929 657 1011 suspendere
671 928 795 991 consilia
815 935 932 1006 nostra,
946 935 976 990 et
996 929 1132 990 cunctari
1151 925 1376 1006 aliquantulum

228 1048 350 1092 necesse
363 1048 428 1092 esse
443 1028 622 1091 videremus.
637 1031 668 1090 ln
679 1029 715 1090 iis
730 1037 795 1089 tum
809 1029 848 1090 ad
859 1036 889 1090 te
903 1026 1121 1109 perscribendis
1130 1024 1237 1087 litteris
1251 1024 1377 1107 s'pe'cta-

227 1125 336 1188 bamus
347 1125 478 1187 maxime
491 1125 522 1186 in
539 1124 631 1186 animi
653 1124 696 1186 tui
710 1125 852 1186 virtutem
875 1142 911 1185 ac
924 1120 1123 1202 religionem,
1144 1139 1206 1202 qua
1227 1121 1374 1202 praeclaro

227 1215 441 1303 cognosceres,
452 1228 601 1302 quantum
615 1226 661 1282 est
673 1222 880 1282 Romanorum
895 1219 1075 1281 Pontificum
1095 1217 1248 1280 sententia
1264 1217 1295 1279 in
1316 1217 1375 1296 iis,

226 1336 292 1399 qua
312 1319 355 1381 'ad
366 1318 533 1380 Ecclesiam
546 1318 859 1399 fidemqudspectant,
878 1318 1090 1396 deterendum3
1109 1335 1145 1378 ac
1158 1315 1377 1398 proinde'ptu-

227 1415 305 1476 rima
318 1413 516 1476 cumtiducia
528 1413 843 1491 declarabamustibi,
865 1414 938 1495 quid
951 1419 996 1476 'te
1006 1420 1071 1476 toto
1084 1413 1136 1474 illo
1149 1412 1373 1475 lllunkacsicnsi

223 1513 347 1593 negotio
362 1510 561 1588 sentimus,
575 1512 676 1573 multae
698 1510 811 1572 scilicet
830 1512 921 1590 objici
943 1511 1051 1587 Nobis,
1072 1529 1111 1572 ne
1124 1509 1273 1571 vicarium
1287 1512 1376 1573 blun-

226 1609 414 1671 kacsiensem
425 1607 465 1668 ab
477 1606 558 1668 omui
571 1607 702 1688 episcopi
714 1607 866 1687 Agriensis
877 1613 1025 1688 potestate
1038 1607 1216 1667 eximamus.
1228 1607 1375 1669 Animum

226 1711 370 1786 praterea
384 1710 521 1789 nostrum
543 1702 630 1764 valde
645 1702 675 1763 in
690 1721 727 1765 eo
740 1706 962 1784 ‘repugnantem
980 1721 1065 1779 esse,
1086 1708 1120 1763 ut
1133 1701 1214 1763 idem'
1227 1701 1269 1763 ab
1291 1705 1374 1786 omui

226 1798 359 1883 episcopi
374 1799 458 1860 latini
467 1800 535 1877 jure
549 1799 673 1860 omnino
692 1800 907 1880 subtrabatur,
932 1805 984 1883 aut
998 1799 1077 1860 intra
1088 1817 1141 1861 eos
1160 1799 1376 1860 tantummodo

222 1895 425 1976 juridictionis
453 1894 530 1955 lines
551 1894 732 1972 includatur,
757 1895 835 1957 imru
853 1914 930 1976 quos
952 1894 1084 1975 episcopi
1109 1893 1291 1974 suffraganei
1314 1895 1378 1956 suis

226 1999 298 2053 sunt
310 1989 550 2072 Metropolitanis
567 1991 706 2068 subjecti.
723 1992 903 2070 Huiusmodi
918 1990 1011 2052 animi
1029 1990 1123 2052 nostri
1138 2006 1228 2052 sensu
1247 1989 1302 2050 tibi
1315 1991 1377 2070 pri-

220 2108 312 2152 ·mum
323 2087 488 2169 patefacto,
503 2087 575 2150 illud
585 2087 693 2150 delude
705 2090 956 2168 subjiciebamus,
969 2089 1165 2151 descensuros
1177 2089 1377 2152 nibilominus

226 2187 349 2250 undem
370 2188 431 2248 Nos
451 2205 517 2248 esse
537 2187 576 2247 ad
598 2186 844 2249 constituendum
867 2189 997 2269 aliquem
1020 2208 1055 2250 ex
1072 2190 1171 2250 latinis
1194 2190 1318 2254 sicariis
1334 2191 1376 2255 illi

228 2284 429 2363 inspectorem
441 2300 496 2344 seu
507 2281 748 2360 moderatorem,
763 2285 816 2365 qui
831 2284 967 2348 diversus
981 2287 1020 2346 ab
1033 2286 1169 2366 Agriensi
1182 2287 1222 2348 sit
1234 2287 1274 2350 de
1288 2289 1379 2367 cujus

228 2378 320 2440 animi
334 2377 443 2440 duritie
456 2378 593 2458 plurime
611 2379 665 2441 tibi
688 2382 727 2441 ab
740 2381 847 2443 eodem
859 2384 972 2446 vicario
994 2386 1122 2465 querelae
1136 2385 1273 2466 quotidie
1289 2386 1379 2448 dele'-

228 2486 347 2540 runtur.
362 2478 410 2540 Ad
427 2477 511 2558 quod
524 2479 684 2551 consilium
697 2481 915 2544 inducebamur
927 2484 957 2544 in
976 2490 1005 2544 te
1026 2484 1194 2561 intuentes,
1217 2485 1379 2548 carissima

228 2581 264 2640 in'
274 2577 391 2639 Christo
399 2576 467 2638 tilia
477 2583 592 2654 nostra,
609 2578 657 2639 cni
670 2579 944 2642 Munlmcsiensium
956 2586 1073 2658 rerum,
1089 2582 1379 2662 locorumque'ratio

227 2675 468 2758 exploratissima
482 2694 547 2738 esse
572 2683 707 2756 poterat,
730 2697 765 2739 ac
787 2684 917 2759 prorsus?
934 2679 1200 2758 acquiescebamus
1225 2677 1379 2742 diutumae

227 2781 284 2836 tusa
296 2773 329 2835 io
340 2791 434 2854 regno
445 2771 668 2854 'sapientissime
682 2775 869 2837 moderando
881 2775 1055 2856 sapientie,
1079 2793 1261 2855 summoque
1280 2775 1324 2836 illi
1339 2776 1379 2837 ab

227 2873 318 2937 insita
331 2874 441 2936 virtute
455 2873 575 2954 fideque
587 2881 640 2936 tua
654 2874 790 2955 prolecto
802 2873 917 2951 studi0,
930 2892 990 2954 quo
1000 2879 1119 2934 tantum
1133 2872 1232 2948 abest,
1243 2871 1377 2953 utquid-

227 2980 320 3056 qu'am
333 2980 532 3056 promoveas,
544 2973 628 3055 quod
646 2973 675 3035 in
697 2972 851 3054 spirituale
870 2979 994 3033 tuorum
1007 2970 1191 3051 populorum
1205 2968 1380 3033 detrimen-

226 3071 476 3133 tcmrcdundare
497 3071 609 3152 possit,
633 3078 667 3132 ut
687 3072 853 3152 quamlibet
877 3061 969 3132 etiam
992 3068 1184 3145 offensionis,
1202 3086 1239 3130 ac
1251 3070 1381 3150 periculi
1415 3057 1418 3067 ¹

227 3168 358 3245 speciem
373 3167 546 3229 evitandam
565 3168 790 3247 diligentissime
811 3186 908 3228 cures.
933 3169 1008 3228 Cum
1023 3166 1071 3227 ‚ita
1094 3165 1196 3227 animo
1206 3170 1380 3248 comparati

227 3280 380 3340 essemus,
401 3282 436 3324 ac
453 3264 483 3323 in
502 3282 573 3324 eam
585 3263 640 3323 tibi
654 3264 885 3325 rescriberemus
897 3263 1094 3337 sententiam,
1113 3261 1256 3324 certiores
1267 3262 1382 3326 isthinc

227 3354 297 3417 lacti
323 3357 447 3435 fuimus,
480 3357 691 3419 Venerabilem
714 3361 850 3420 Fratrem
875 3360 1014 3421 Carolum
1043 3358 1218 3440 episcopum
1248 3360 1378 3439 Agrico

227 3472 291 3518 sem
312 3455 424 3519 ineam
444 3474 528 3538 spem
549 3455 680 3534 venisse,
703 3457 785 3536 lore,
807 3465 841 3519 ut
859 3457 944 3538 ipso,
969 3456 1022 3516 tibi
1039 3455 1198 3534 referente,
1217 3453 1306 3517 facile
1328 3456 1383 3519 in-

228 3553 358 3634 telligas,
380 3553 526 3615 vicarium
546 3553 805 3617 lllunlxacsiensem
828 3556 914 3634 longe
929 3555 967 3616 ab
987 3573 1024 3616 ec
1041 3554 1169 3632 distare,
1183 3561 1217 3616 ut
1230 3554 1380 3620 vindicari

228 3649 384 3732 aprlstina
402 3651 586 3730 subjectione
600 3651 663 3712 ullo
676 3651 768 3713 modo
788 3659 950 3729 mereatur,
965 3652 1147 3732 plenamque
1165 3651 1291 3732 periculi
1310 3672 1381 3716 rem

227 3766 308 3825 esse,
325 3747 362 3825 si,
385 3766 514 3829 proquo
537 3753 693 3829 tantopere
717 3749 771 3810 ille
789 3748 954 3825 contendit,
975 3747 1176 3828 exemptionis
1193 3747 1381 3812 beneficium

226 3843 403 3926 reportavit.
417 3845 501 3908 Alius
509 3845 601 3927 paulo
612 3853 682 3926 post
697 3845 804 3908 allatus
815 3847 911 3909 Nobis
922 3853 967 3909 est
981 3846 1110 3908 nuncius
1123 3892 1131 3923 ,
1144 3865 1238 3928 prope
1252 3866 1334 3926 esse,
1346 3859 1382 3912 ut

226 3943 366 4022 Maiestas
377 3943 442 4004 Tua
460 3962 516 4023 pro
532 3944 577 4005 sui
593 3943 685 4007 animi
707 3943 849 4025 religione
872 3965 891 4007 a
910 3946 1100 4010 consilio-illo
1120 3946 1158 4008 de
1175 3947 1325 4010 vicariatu
1349 3952 1381 4012 in

227 4042 434 4122 episcopatum
446 4040 586 4121 erigendo
594 4042 660 4122 jam
671 4043 808 4121 recedat,
826 4063 862 4106 ac
878 4043 936 4108 illis
947 4053 1121 4110 contentam
1139 4047 1232 4110 rideri
1251 4049 1383 4114 minime

227 4137 453 4202 eorumnendts
464 4156 521 4200 nec
534 4139 736 4202 mediocribus
746 4140 1003 4220 concessionibus,
1017 4143 1055 4204 ad
1067 4162 1143 4224 quas
1154 4143 1381 4210 blunkacsiensi

217 4234 698 4316 'uicarioccnlerendaspara'tum
719 4240 754 4299 'se
766 4255 830 4298 esse
850 4238 1002 4317 Agriensis
1016 4241 1175 4322 episcopus
1193 4246 1240 4302 est
1255 4242 1380 4322 protes-

229 4349 279 4392 sus
289 4334 301 4392 ἰ
318 4333 377 4395 boc
390 4333 471 4395 enim
492 4352 547 4394 sua
566 4333 746 4396 liberalitate
761 4335 877 4415 'palam
896 4335 1063 4399 lacereille
1081 4336 1223 4400 omnibus
1235 4339 1379 4403 voluit-se

229 4429 311 4489 nulla
321 4449 426 4493 rerum
445 4431 658 4512 temporalium
674 4431 839 4512 cupiditate
857 4441 910 4493 aut
930 4435 1098 4497 ambitione
1111 4453 1177 4498 esse
1194 4433 1378 4513 inductum,

230 4527 281 4589 sed
294 4527 565 4598 sut-tantummodo
585 4532 744 4611 pastoralis
763 4531 904 4594 mu>neris
919 4532 1035 4594 ratione
1054 4533 1136 4614 cogi,
1159 4540 1192 4596 ut
1207 4534 1379 4610 omnem'm
