3188 5414
334 495 368 546 tu
764 487 966 542 CLEMENTIS
984 489 1051 540 XlV

333 602 452 657 nostros
465 611 558 671 reges,
572 592 623 671 qui
635 591 792 652 nobiscum
803 597 872 651 sunt
883 591 912 650 iu
924 591 1072 652 catholica
1082 592 1140 652 lide
1152 574 1316 671 eonjducti,
1329 595 1480 672 peculiare

333 699 433 751 tamen
444 690 535 766 hujus
544 688 634 749 animi
646 688 739 749 nostri
750 687 964 748 documentum
977 689 1111 750 dandum
1125 709 1189 752 esse
1199 690 1479 762 existimamnstibi‚

330 785 382 865 qui
394 789 592 864 praeterquam
606 782 688 861 quod
701 801 736 842 ex
757 782 839 861 regio
853 801 976 843 munere
995 785 1071 845 tueri
1084 784 1283 846 orthodoxam
1304 786 1481 864 religionem

330 882 437 958 debes,
451 881 543 957 hujus
557 878 646 941 studii
667 880 710 940 tui
725 879 919 960 perspicuum
934 879 1041 942 dedisti
1061 882 1267 943 testimonium
1284 883 1313 942 in
1327 890 1481 961 postremo

330 985 452 1041 senauu
463 977 606 1056 oonsilio,
619 995 679 1057 quo
693 975 854 1038 avertenda
863 995 899 1038 ea
912 977 1015 1038 omnia
1028 977 1196 1054 decrevisti,
1206 997 1270 1058 quae
1285 979 1372 1038 isthic
1385 978 1415 1038 in
1430 981 1481 1040 ul-

329 1075 411 1137 timis
424 1074 555 1137 comitiis
572 1074 602 1135 in
615 1074 767 1154 religIonis
780 1073 993 1135 detrimentum
1006 1080 1074 1136 aeta
1088 1074 1216 1137 fuerant.
1232 1077 1330 1149 Quare
1342 1075 1416 1136 dum
1425 1095 1481 1136 ve-

329 1173 454 1236 nerabili
461 1173 545 1234 fratri
553 1173 667 1252 Angelo
676 1170 911 1251 Archiepiscopo
919 1173 1191 1252 Ancyranonostro
1203 1172 1284 1253 apud
1293 1173 1479 1249 Maiestatem

329 1275 427 1335 Tuam
447 1269 598 1333 ordinario
617 1269 728 1330 nuncio
747 1266 979 1329 transmittimus
1002 1268 1187 1348 encyclicam
1206 1268 1364 1349 epistolam
1384 1287 1480 1348 nuper

329 1369 369 1430 ad
382 1369 536 1432 universos
555 1365 709 1427 christiani
722 1366 804 1426 orbis
825 1366 983 1445 episcopos
999 1365 1214 1446 perscriptam,
1229 1367 1259 1427 in
1277 1385 1338 1446 qua
1357 1366 1480 1427 eosdem

327 1466 492 1549 prasertim
505 1466 675 1542 hortamur,
689 1469 722 1524 ut
733 1463 862 1544 populos
876 1461 915 1522 ad
926 1481 1034 1543 regum
1049 1450 1172 1524 suorum
1183 1465 1299 1525 cultum
1309 1471 1398 1544 atque
1410 1465 1481 1524 obe-

329 1562 474 1625 dientiam
487 1561 644 1641 diligenter
656 1561 804 1638 excitent,
818 1579 854 1622 ac
866 1559 939 1621 dum
955 1560 1010 1641 ipsi
1030 1561 1264 1639 committimus,
1279 1568 1313 1622 ut
1330 1580 1397 1622 eam
1409 1562 1481 1622 uui-

328 1653 518 1725 versis‘istius
531 1658 615 1739 regni
627 1659 776 1740 episcopis
789 1658 827 1720 de
841 1675 926 1720 more
943 1657 1113 1736 distribuat,
1131 1676 1192 1719 una
1202 1659 1294 1720 etiarn
1314 1657 1481 1719 accuratis-

328 1761 403 1822 sime
416 1758 606 1835 mandamus,
620 1763 654 1818 ut
665 1774 717 1817 eos
729 1774 834 1817 omnes
847 1775 903 1837 pro
918 1775 973 1818 suo
986 1774 1111 1818 munere
1127 1756 1166 1817 ad
1177 1756 1394 1819 consulendum
1409 1775 1479 1816 cum

327 1857 399 1935 tuis,
409 1862 476 1918 tum
485 1853 637 1934 religionis
649 1852 742 1934 ipsius
754 1852 921 1915 rationibus
935 1852 1112 1914 inflammet.
1121 1852 1207 1927 Quod
1217 1853 1272 1915 tibi
1285 1854 1433 1935 precipue
1448 1863 1480 1914 et
1496 1861 1502 1881 ³
1520 1918 1526 1929 ,

327 1960 446 2036 gratum
459 1959 490 2015 et
504 1958 709 2033 opportunum
723 1949 787 2011 lore
797 1949 979 2029 judicamus
994 1950 1036 2011 ita
1048 1949 1129 2011 enim
1144 1950 1260 2032 inclyte
1276 1959 1334 2013 tuae
1351 1952 1479 2012 nationis

328 2053 420 2115 animi
431 2070 510 2114 novo
524 2050 583 2110 hoc
593 2048 714 2111 stimulo
730 2047 826 2126 magis
840 2045 960 2108 excitat
973 2052 1075 2109 tecum
1087 2046 1199 2107 arctius
1209 2046 1428 2125 conjungentur
1440 2046 1480 2107 ad

327 2151 466 2212 luctuosa
482 2147 532 2208 illa
547 2145 651 2206 omnia
663 2142 831 2224 reparanda
851 2143 979 2214 damna,
990 2161 1056 2221 que
1069 2160 1105 2202 ex
1120 2142 1271 2204 dictorum
1287 2142 1479 2203 comitiorum

328 2245 403 2306 actis
412 2261 532 2305 summo
547 2241 683 2302 omnium
696 2239 847 2299 bonorum
868 2238 972 2299 dolore
987 2238 1018 2298 in
1030 2237 1231 2300 orthodoxam
1245 2238 1420 2316 religionem
1434 2260 1481 2302 re-

328 2340 513 2401 dundarunt.
524 2335 603 2397 Certi
618 2334 741 2414 quidem
750 2334 811 2395 Nos
823 2351 927 2394 sumus
939 2339 1044 2395 nostro
1053 2333 1125 2394 huic
1138 2333 1237 2395 studio
1251 2334 1480 2413 diligentissime

328 2451 544 2515 responsurum
569 2450 635 2494 esse
654 2431 753 2511 ipsum
777 2435 913 2491 nostrum
936 2428 1077 2490 nuntium
1084 2453 1092 2506 3
1111 2447 1168 2492 nec
1192 2429 1381 2509 dubitamus,
1406 2434 1480 2512 quin

328 2549 435 2594 omnes
447 2529 532 2610 regni
543 2529 633 2590 istius
653 2527 786 2608 episcopi
801 2526 857 2588 etsi
871 2544 927 2588 sua
941 2531 1048 2607 sponte
1063 2525 1135 2588 satis
1152 2527 1310 2608 propensi,
1324 2530 1481 2610 proposita

329 2639 433 2691 tamen
449 2627 603 2690 catholica
616 2624 767 2706 religionis
785 2622 930 2702 utilitate,
946 2631 975 2686 et
989 2631 1093 2686 nostro
1108 2624 1180 2688 huic
1192 2633 1395 2689 consentaneo
1409 2647 1480 2708 erga

323 2724 359 2790 'te
375 2725 475 2788 studio
487 2724 584 2804 magis
596 2721 753 2802 magisque
763 2719 976 2782 accendantur.
990 2720 1076 2796 Quod
1085 2720 1235 2802 reliquum
1249 2727 1293 2785 est
1302 2726 1397 2785 Deum
1408 2727 1477 2805 Opt.

328 2824 408 2886 blax.
424 2821 631 2898 obsecramus,
646 2824 680 2881 ut
691 2818 876 2880 voluntatem
892 2823 978 2879 tuam
994 2818 1033 2879 ad
1047 2817 1184 2897 ejusdem
1196 2820 1324 2901 gloriam
1332 2821 1476 2901 regnique

327 2920 372 2983 tui
393 2919 633 2984 incolumitatem
649 2933 826 2979 conversam
848 2921 947 2977 ratam
967 2915 1031 2996 ipse
1052 2914 1142 2995 faxit,
1164 2935 1200 2978 ae
1221 2918 1356 2996 ejusdem
1377 2919 1479 2997 grutiae

329 3018 497 3100 auspicem,
509 3022 677 3096 nostraque
697 3013 855 3094 singularis
873 3031 945 3092 erga
957 3020 987 3074 te
1006 3013 1140 3075 caritatis
1155 3015 1262 3095 pignus
1281 3014 1479 3095 apostolicam

329 3113 570 3175 benedictionem
588 3098 737 3191 Maiestati
749 3113 820 3171 Tuae
843 3109 1048 3172 amantissime
1071 3111 1271 3191 impertimur.
1289 3115 1402 3171 Datum
1417 3113 1480 3172 lio-

328 3228 396 3282 mre,
410 3216 478 3288 etc„
494 3211 544 3270 dte
561 3219 597 3270 23
611 3207 773 3269 decembris
790 3215 823 3267 tt
828 3217 864 3267 69
869 3249 877 3283 ,
887 3210 1080 3286 pontificatur
1093 3200 1192 3268 nostri
1204 3226 1284 3268 uano
1293 3213 1404 3285 primo.

819 3338 997 3351 n——u—-n

840 3440 968 3510 xuvu.

768 3597 915 3639 DILRCTIS
937 3596 1040 3637 FILHS

546 3701 735 3762 MICHAELI
757 3700 952 3761 D’ANDREA
972 3701 1257 3774 GUBERNATORL

462 3817 502 3864 ur
526 3817 759 3886 corrueremus
781 3817 1055 3866 coueauoarrours
1079 3819 1175 3868 burm
1200 3819 1344 3878 arerem,

483 3923 591 3972 runco
606 3924 803 3977 uuumrrarn
818 3923 852 3970 ru
868 3923 1018 3972 recursu
1033 3923 1091 3973 sua
1106 3925 1318 3985 muccarrour
1396 3956 1398 3960 -

365 4009 369 4017 '
402 4029 528 4079 surore
545 4010 655 4078 uuam
669 4030 832 4078 succurra
847 4029 973 4077 ursrnrs
990 4028 1147 4078 orvrrarrs
1163 4014 1400 4089 nriromrumu,

602 4110 867 4213 annuens
905 4125 1047 4213 rura
1088 4135 1198 4212 xm.

1038 4290 1132 4349 Romae,
1145 4294 1174 4338 23
1185 4288 1319 4337 decembris
1333 4293 1399 4336 1769.

370 4377 499 4452 Dtlcett,
516 4389 572 4443 etr.
594 4384 672 4442 Dum
686 4382 937 4462 predecessorum
949 4366 1121 4447 nostrorum
1134 4385 1219 4447 datas
1232 4385 1424 4464 jamdudum
1439 4384 1477 4445 ad

330 4493 384 4536 ros
394 4476 507 4541 litteras
519 4482 754 4562 perlegeremus,
765 4483 874 4562 quibus
884 4503 938 4545 sua
951 4483 991 4543 illi
1004 4483 1034 4543 in
1046 4503 1099 4543 uos
1110 4502 1165 4563 pro
1177 4491 1275 4545 vestra
1284 4485 1397 4564 pietate
1407 4501 1478 4544 con-
