3188 5414
648 499 850 561 eterianus
867 503 932 557 xiv

708 656 875 729 CCXVlll.
955 649 958 653 ’

633 808 824 858 venemur
846 806 956 854 enam

338 898 540 964 toseeflo
572 895 936 961 anculerrscoro
967 892 1247 969 BERYTENSI,

419 1013 461 1059 Ab
477 1010 670 1066 omissurum
687 1010 720 1058 ln
737 1010 873 1059 cflnlsro
888 1006 1002 1057 menl
1017 1007 1168 1057 NOSTRUM

367 1099 560 1163 sumserunt
576 1097 745 1148 AUGUSTUM
761 1096 909 1151 POLONIAE
924 1095 1031 1147 umeri
1046 1095 1225 1145 ILLUSTREM

465 1186 588 1241 NOSTRQ
603 1186 642 1233 ET
659 1186 746 1234 sums
762 1185 967 1234 APOSTOLIGAE
982 1183 1114 1242 nunilo,

531 1269 766 1361 CLEMENS
793 1273 922 1358 PAPA
949 1269 1057 1353 XIV.

988 1396 1085 1454 Romae,
1103 1393 1223 1443 remandi
1240 1397 1311 1444 1773.

267 1476 468 1551 Venerabilis,
483 1489 540 1546 cte.
557 1484 632 1554 Cum
654 1483 805 1556 Varsaviae
819 1482 905 1551 brevi
921 1474 1102 1545 celebranda
1122 1475 1239 1562 indicta
1261 1467 1371 1547 luerint

219 1593 305 1646 extra
318 1579 455 1655 ordinem
472 1581 624 1664 generalia
636 1581 730 1670 Regni
751 1579 874 1652 comitia
897 1579 935 1646 ad
950 1578 1132 1661 Reipublicae
1146 1579 1269 1660 negotia
1292 1586 1373 1645 trao-

222 1678 550 1760 tanda,inquibus·de
571 1679 661 1740 rebus
682 1678 721 1741 ad
743 1678 920 1760 religionem
935 1676 1029 1747 etiam
1047 1677 1256 1758 spectantibus
1271 1686 1371 1740 actum

221 1777 257 1838 ui
269 1775 453 1858 accepimua3
467 1792 589 1840 necesse
602 1794 667 1838 esse
678 1775 838 1853 duximus,
852 1781 887 1837 ut
897 1774 971 1847 inibi
982 1775 1087 1856 aliquis
1097 1770 1187 1854 adsit,
1202 1776 1256 1857 qui
1271 1784 1371 1840 nostra

130 1882 132 1886 '
222 1887 253 1941 et
267 1875 446 1960 apostolice
460 1875 545 1949 Sedis
562 1874 683 1956 speciali
697 1873 836 1943 suffultus
859 1872 1150 1944 auctoritateomne
1172 1872 1324 1954 studium,
1342 1884 1371 1936 et

224 1966 349 2060 operam
375 1973 545 2059 impendat,
568 1992 606 2035 ne
629 1972 750 2053 aliquod
768 1972 800 2044 in
822 1969 929 2042 iisdem
951 1969 1098 2048 comitiis,
1121 1971 1169 2032 vel
1191 1989 1302 2032 eorum
1320 1991 1371 2033 oc-

223 2074 366 2150 casione,
395 2079 448 2138 aut
477 2071 507 2139 in
539 2070 715 2133 eorumdem
743 2071 915 2150 sequelam,
946 2069 1008 2140 sive
1033 2068 1192 2139 Catholicae
1208 2068 1370 2152 religioni,

222 2167 285 2230 sive
306 2167 453 2243 libertati,
465 2173 497 2228 et
507 2164 706 2245 jurisdictioni
724 2164 928 2238 ecclesiastica
937 2209 947 2243 ,
962 2164 1024 2235 sive
1042 2163 1168 2236 murum
1183 2166 1302 2230 Sanctae
1318 2167 1371 2231 Se-

221 2263 288 2340 dis,
306 2269 337 2325 et
355 2262 530 2338 inferiorum
549 2262 743 2325 ecclesiarum
756 2262 876 2341 juribus
897 2258 1104 2344 praejuditium
1122 2262 1282 2330 inseratur.
1298 2254 1383 2330 Hinc*

221 2360 383 2446 est,quod
394 2361 456 2435 Nos
475 2380 514 2422 ex
533 2359 686 2433 commissi
704 2358 796 2432 Nobis
809 2359 958 2449 divinitus
976 2361 1134 2442 pastoralis
1157 2361 1252 2425 cilicii
1274 2363 1373 2427 debito

190 2525 193 2530 ,
222 2456 397 2523 orthodoxae
407 2455 478 2528 fidei
492 2454 681 2530 indemnitati
695 2463 864 2537 opportune
879 2454 1055 2538 providere,
1066 2457 1206 2540 sedisque
1215 2460 1372 2541 praedicte,

221 2559 253 2614 et
265 2552 403 2627 Ecclesia
410 2553 480 2631 jura
493 2557 575 2623 sarta
586 2559 668 2615 tecta
676 2551 877 2640 undequaque
889 2554 978 2634 tueri,
986 2555 1167 2624 etadversus
1176 2575 1374 2640 quacumque

222 2648 280 2710 illis
305 2647 535 2744 prejudiciale,
557 2656 706 2738 quantum
726 2649 819 2722 Nobis
840 2669 879 2712 ex
901 2651 961 2713 alto
982 2651 1170 2732 conceditur,
1203 2662 1376 2720 constanter

222 2753 356 2808 avertere
366 2746 520 2827 cupientes
528 2770 538 2824 3
548 2753 578 2808 te
586 2792 594 2823 ,
609 2746 648 2808 de
663 2747 752 2826 onius.
765 2752 900 2829 spectata
909 2748 940 2818 in
952 2749 1054 2811 arduis
1072 2747 1183 2820 nostris
1196 2758 1229 2814 et
1241 2751 1376 2835 ejusdem

223 2844 309 2919 Sedis
318 2844 445 2937 negotiis
458 2844 637 2919 tractandis,
650 2844 726 2923 tide,
739 2836 919 2928 prudentia,
936 2855 967 2909 et
980 2847 1169 2929 integritate,
1184 2849 1375 2930 dexteritate,

222 2964 259 3009 ac
272 2945 337 3020 zelo
350 2944 515 3041 plurimum
527 2944 557 3006 iu
566 2944 694 3019 Domino
708 2944 851 3018 fiduciam
864 2944 1013 3007 habemus
1024 2991 1034 3023 ,
1047 2951 1186 3014 nostrum
1198 2953 1230 3009 et
1240 2947 1377 3028 eiusdem

222 3047 307 3122 Sedis
319 3064 442 3125 verum,
460 3046 628 3127 legitimum
650 3052 681 3107 et
702 3044 907 3120 indubitatum
931 3050 1160 3127 procuratorem
1166 3092 1175 3125 ‚
1196 3055 1334 3112 actorem
1348 3060 1379 3114 et

226 3142 416 3220 negotiorum
432 3149 582 3232 gestorem
602 3142 773 3222 generalem
792 3149 822 3203 et
838 3139 999 3222 specialem
1011 3187 1021 3219 ,
1033 3141 1082 3204 ita
1101 3133 1377 3228 quod'specialitas

223 3241 412 3322 generalitati
421 3259 483 3303 non
496 3241 639 3331 deroget,
656 3258 713 3314 nec
727 3246 881 3318 econtra,
897 3240 1076 3302 auctoritate
1088 3240 1252 3323 apostolica
1265 3251 1377 3305 tenore

220 3341 413 3420 presentium
431 3339 576 3416 iacimus,
594 3337 807 3408 constituimus
819 3343 850 3399 et
870 3336 1327 3419 deputamus,tibiqueplenam
1343 3348 1378 3402 et

222 3436 348 3507 liberam
366 3440 563 3516 potestatem,
586 3433 797 3499 auctoritatem
814 3439 845 3503 et
867 3434 1059 3512 facultatem,
1080 3452 1175 3514 quarn
1190 3433 1283 3501 etiam
1296 3435 1377 3513 aliia,

222 3541 314 3616 prout
324 3531 380 3606 tibi
393 3538 599 3614 opportunum
611 3532 777 3610 videbitur,
789 3531 1027 3611 communicare,
1041 3531 1239 3615 subdelegare
1254 3533 1374 3610 valeas,

221 3634 337 3713 omnia,
351 3640 382 3696 et
394 3633 521 3719 singula,
534 3651 601 3714 qua
614 3631 705 3708 iniis,
720 3650 786 3711 qua
795 3630 849 3702 tibi
863 3629 982 3692 aNobis
995 3631 1156 3704 commissa
1165 3628 1308 3711 suerunt,
1324 3633 1378 3696 Ca·

223 3730 505 3811 tholicereligionis,
514 3731 692 3812 Apostolicae
699 3729 972 3807 SediS,etEcclesiae
978 3730 1135 3800 servitium
1143 3730 1378 3813 respicientibus

225 3826 408 3906 necessaria,
420 3845 474 3888 seu
488 3825 715 3908 quomodolibet
726 3817 898 3906 opportuna
908 3825 1027 3900 fueruit,
1043 3827 1162 3889 etiamsi
1176 3827 1251 3894 talia
1262 3827 1375 3904 forent,

221 3946 288 4008 quae
299 3926 355 3994 sub
377 3923 509 4005 generali
525 3923 718 3995 concessione
734 3941 796 3986 non
810 3923 963 3997 venirent,
979 3930 1010 3984 et
1021 3924 1183 4005 specialem
1193 3930 1314 4004 notam,
1324 3944 1376 3988 seu

224 4023 353 4105 speciale
367 4020 546 4093 mandatum
557 4020 760 4101 requirerent,
777 4025 881 4082 nostro
896 4027 927 4082 et
941 4020 1024 4093 Sedis
1042 4019 1173 4102 praelatae
1187 4021 1314 4084 nomine
1329 4021 1389 4101 ia-¹

223 4121 335 4199 ciendi,
349 4117 473 4202 gerendi
486 4124 517 4180 et
530 4117 695 4210 exequendi
713 4117 822 4178 barum
845 4118 922 4191 serie
943 4118 1103 4192 tribuimus
1118 4125 1149 4180 et
1169 4118 1374 4200 impertimur.

226 4218 293 4292 Non
307 4216 497 4290 obstantibus
512 4213 790 4291 constitutionibus,
810 4221 841 4275 et
857 4215 1094 4287 ordinationibus
1112 4214 1302 4297 apostolicis,
1322 4237 1376 4280 ce-

180 4330 183 4334 *
221 4312 351 4394 terisque
371 4311 531 4386 contrariis
550 4311 800 4402 quibuscumque.
823 4313 937 4374 Dotem
954 4314 1071 4385 nome,
1091 4313 1174 4400 aprici
1187 4314 1219 4374 S.
1242 4312 1375 4374 Mariam

221 4411 383 4486 Majorem,
403 4411 457 4472 sab
473 4411 597 4470 ,lanuto
616 4411 796 4479 Piscatores,
814 4409 863 4469 die
885 4421 921 4470 to
941 4414 1045 4470 rnartii
1069 4413 1376 4490 rltt,pontificdtus

222 4510 320 4567 riustri
333 4524 411 4568 cano
423 4512 541 4586 quarto.
1383 4498 1388 4503 ’
