3188 5414
487 507 671 573 EPlSTOLAE
689 511 734 565 ΕΤ
752 489 888 567 undull
907 511 1142 567 succentoria.
1335 515 1387 566 313

238 614 390 695 Maiestati
403 616 474 677 Ture
488 615 691 678 amantissime
700 615 901 698 impertimur.
910 619 1024 678 Datum
1032 617 1143 687 Romu,
1154 617 1236 695 apud
1246 617 1387 678 Sanctum

240 714 372 775 Marium
385 711 540 789 trojum,
552 712 606 773 sud
620 713 744 776 Annulo
755 708 994 792 Nacotoets,·die
1004 718 1106 793 primu
1114 716 1195 787 junii
1210 722 1298 794 rm,
1308 729 1387 792 pon-

241 812 373 888 tificatus
386 813 483 872 nostri
492 827 571 873 auno
581 817 681 872 secto.

726 1075 921 1149 cclxxlv.

640 1236 873 1280 uttucrtssuns
895 1200 989 1279 rums

593 1343 748 1405 DEGANO
768 1345 818 1404 ET
838 1343 1030 1404 CAPITULO

422 1463 613 1516 ECGLESIAE
632 1464 955 1519 METROPOLITANAE
975 1466 1207 1552 MOGUNTI'NAE

552 1572 785 1654 CLEMENS
813 1575 946 1652 PAPA'
968 1573 1074 1652 XIV.

1047 1734 1143 1792 Romae,
1154 1738 1168 1781 2
1179 1731 1240 1790 junii
1256 1731 1323 1782 7774.

277 1833 403 1903 Dilecti,
416 1839 472 1894 ete.
484 1834 528 1896 Ex
539 1843 642 1921 nostro
654 1839 771 1919 paterni
786 1839 878 1903 animi
889 1839 993 1903 dolore
1003 1838 1091 1901 facile
1105 1837 1296 1918 intelligimus
1309 1857 1388 1901 moe-

238 1947 339 1991 rorem
354 1930 528 2012 luctumque
541 1941 689 2013 vestrum,
703 1935 803 1999 dilecti
826 1935 895 2016 filii,
909 1956 1000 2018 quem
1014 1955 1051 1999 ex
1072 1937 1257 1999 Venerabilis
1276 1938 1388 2001 Fratris

238 2025 398 2089 Emmerici
411 2028 534 2110 losephi
546 2030 630 2094 istius
641 2034 879 2116 metropolitane
892 2034 970 2100 sedis
984 2035 1208 2118 Archiepiscopi
1221 2043 1252 2099 et
1261 2038 1292 2100 S.
1307 2040 1342 2100 n.
1356 2041 1385 2102 J.

239 2118 384 2204 Principis
397 2124 542 2187 Electoris
556 2127 642 2190 obitu
653 2128 838 2212 percepistis.
855 2132 917 2194 Nos
935 2152 1006 2196 saue
1019 2153 1080 2195 una
1094 2152 1166 2195 cum
1178 2133 1282 2197 vestris
1300 2119 1388 2199 enixa

218 2244 220 2247 ·
238 2238 294 2300 pro
313 2222 378 2300 ejus
394 2221 500 2286 animae
514 2226 609 2288 salute
622 2234 692 2289 vota
711 2227 939 2310 conjungimus,
955 2249 991 2293 nc
1003 2229 1121 2293 intenso
1135 2230 1235 2293 studio
1256 2231 1388 2296 divinam

162 2351 166 2358 ·
238 2320 280 2381 illi
302 2321 539 2392 misericordiam
561 2324 769 2407 imploramus.
788 2326 874 2403 Quod
896 2325 1045 2409 reliquum
1067 2346 1147 2412 nuuc
1167 2333 1230 2406 est,
1251 2336 1387 2394 nostrum

237 2418 297 2481 hoc
311 2418 494 2483 desiderium
513 2422 644 2486 lenimus
658 2443 694 2487 ac
710 2425 844 2488 solamur
859 2423 910 2487 illa
923 2423 1121 2508 cogitatione,
1134 2423 1199 2487 lore
1212 2443 1306 2506 quam
1321 2427 1388 2508 pri-

237 2533 338 2596 mum,
350 2524 385 2579 ut
394 2518 547 2600 egregium
555 2539 591 2583 ac
600 2521 683 2583 omni
697 2521 876 2605 episcopalis
886 2521 1004 2584 virtutis
1015 2521 1104 2585 laude
1115 2522 1275 2605 praeditum
1288 2516 1388 2585 virum

239 2611 268 2672 in
299 2612 379 2676 illius
403 2613 505 2676 locum
526 2623 626 2679 vestra
649 2618 794 2682 electione
814 2608 1012 2682 substituatis.
1036 2619 1098 2681 Vos
1120 2619 1222 2700 itaque
1240 2624 1387 2700 quantum

238 2732 398 2793 possumus
411 2716 570 2778 hortamur
588 2717 619 2779 in
629 2717 773 2795 Domino,
785 2717 885 2781 dilecti
899 2717 968 2794 filii,
981 2724 1015 2779 ut
1026 2715 1234 2797 gravissimam
1245 2715 1327 2778 illam
1339 2735 1388 2779 ne-

238 2810 352 2873 tionem
373 2830 430 2892 pro
444 2813 534 2874 vestri
554 2813 687 2875 muneris
705 2812 764 2874 lide
779 2812 945 2894 peragatis,
967 2812 999 2874 in
1019 2830 1114 2893 eaque
1127 2818 1158 2874 et
1178 2812 1387 2875 adCatholieae
1448 2849 1449 2852 =

237 2906 388 2987 religionis
401 2907 635 2988 incrementum,
654 2916 685 2972 et
699 2909 833 2972 edistius
845 2910 977 2972 ecclesia
988 2909 1164 2989 dignitatem
1176 2906 1308 2971 rationes
1330 2928 1387 2971 cu-

237 3021 346 3084 rasque
358 3008 472 3066 vestras
484 3004 1054 3086 omneseonrersasessecomprobetis.
1066 3002 1232 3065 Plurimum
1242 3002 1387 3065 Nossane

237 3106 338 3162 vestro
351 3098 452 3162 studio
464 3100 684 3185 prudentiaque
694 3101 830 3182 nitimur,
841 3101 895 3164 sed
906 3099 1038 3163 maxime
1050 3099 1235 3181 optimorum
1246 3096 1388 3161 consilio·-

237 3217 305 3260 rum
317 3199 454 3262 omnium
468 3205 624 3261 auctorem
637 3200 733 3262 Deum
743 3218 916 3281 precamur,
930 3205 964 3262 ut
979 3197 1027 3261 sui
1038 3197 1159 3280 spiritus
1174 3196 1276 3259 afflatu
1289 3215 1343 3258 vos
1356 3195 1387 3257 in

238 3297 507 3361 consultationibus
520 3297 626 3362 vestris
642 3297 851 3380 suffragiisque
866 3296 990 3378 dirigat,
1013 3315 1049 3358 ac
1062 3294 1219 3361 unanimes
1242 3293 1281 3356 nd
1300 3311 1387 3356 suam

237 3394 363 3474 gloriam
385 3395 622 3476 promovendam
644 3413 709 3458 esse
726 3394 812 3457 faxit.
825 3394 912 3471 erod
931 3394 971 3458 ad
991 3393 1135 3457 dilectum
1154 3392 1250 3454 filium
1269 3386 1387 3472 Fargna

238 3496 384 3572 Agentem
395 3500 528 3558 vestrum
541 3493 687 3576 pertinet,
705 3492 835 3556 eundem
847 3493 901 3554 etsi
917 3498 1005 3555 autea
1019 3490 1113 3554 Nobis
1125 3489 1211 3553 valde
1224 3489 1387 3571 probatum

239 3593 329 3669 atque
352 3595 509 3670 acceptum
528 3589 568 3651 ob
586 3599 776 3671 perspectam
794 3606 882 3649 suam
901 3586 1086 3668 diligentiam
1100 3605 1137 3648 ao
1157 3584 1263 3663 fidem,
1283 3590 1386 3646 tamen

239 3691 354 3748 vestras
366 3686 460 3750 Nobis
474 3686 651 3750 reddentem
664 3687 780 3750 litteras
799 3695 961 3769 vestraque
975 3687 1007 3750 in
1022 3690 1084 3750 Nos
1101 3676 1267 3750 devotionis
1287 3686 1386 3748 cilicia
1439 3705 1441 3709 ⁴

239 3789 379 3852 accurate
404 3784 588 3848 deferentem
601 3784 781 3867 perlrlrenter
797 3786 985 3869 excepimus,
1004 3805 1167 3868 coramque
1181 3785 1237 3868 ipsi
1253 3785 1387 3848 declara-

238 3879 336 3942 vimus
352 3900 418 3962 qure
433 3887 537 3944 nostra
549 3888 628 3944 esset
647 3899 719 3962 erga
740 3901 794 3947 vos
813 3884 974 3962 conjuncta
991 3903 1063 3946 oum
1079 3882 1210 3964 plurima
1230 3881 1387 3944 existima-

238 3975 318 4039 tione
341 3987 468 4060 patema
488 3977 608 4042 caritas.
632 3981 677 4042 Ao
701 3979 733 4043 in
758 3980 893 4060 eJ‘usdem
915 3980 1035 4043 uberius
1058 3980 1167 4062 pignus
1189 3979 1385 4060 apostolicam

238 4076 476 4142 benedictionem
495 4078 597 4157 vobis,
619 4077 720 4141 dilecti
743 4077 807 4158 lilii,
828 4085 1020 4161 peramanter
1047 4077 1247 4160 impertimur.
1272 4078 1387 4137 Datum

238 4177 351 4250 Romu,
369 4179 451 4256 aprtd
464 4180 610 4241 Sanctum
622 4179 752 4240 Marium
774 4179 929 4253 mojorem,
942 4177 995 4238 sud
1008 4178 1127 4240 Annulo
1140 4177 1321 4245 Piscatoris,
1335 4174 1385 4234 die

240 4285 256 4334 2
264 4275 353 4352 junii
371 4286 457 4352 7774,
477 4278 671 4364 poutrfiootus
689 4279 881 4338 custeranno
895 4282 991 4337 secto.

723 4449 896 4463 ’nant-u·-
