3188 5414
632 510 637 523 '
761 514 964 569 CLEMENTIS
983 515 1049 568 XlV

802 660 920 753 *xllx
937 661 998 731 dia.

784 815 916 858 nicaeno
937 815 1027 858 rtnlo

712 911 891 974 Meamne
912 914 1133 986 aenaeam,

440 1027 552 1078 ranam
569 1026 842 1078 concnmnrroms
859 1028 969 1078 ennom
984 1029 1085 1079 nnnsn
1099 1030 1132 1078 m
1146 1027 1247 1077 sunm
1263 1027 1373 1087 nrcnn,

575 1137 576 1140 ‘
643 1122 877 1203 CLEMENS
903 1123 1030 1204 ΡΑΡΑ
1059 1123 1153 1201 XIV
1157 1130 1184 1200 .’

1087 1264 1183 1322 Rome,
1199 1260 1326 1321 ajanuarii
1344 1264 1411 1310 1770.

370 1360 507 1432 Dilecto,
519 1364 575 1421 etc.
591 1360 635 1421 Ex
646 1359 752 1424 litteris
763 1360 824 1424 tuis
833 1360 915 1423 omni
929 1359 1098 1422 officiorum
1109 1377 1180 1438 erga
1189 1359 1250 1419 Nos
1264 1372 1374 1436 genere
1387 1355 1480 1417 reler-

330 1455 369 1516 tis
390 1453 509 1517 abunde
522 1460 626 1518 nostra
639 1457 731 1519 Nobis
749 1456 927 1519 confirmata
948 1464 994 1518 est
1011 1454 1114 1537 opinio
1130 1452 1312 1534 jamdudum
1323 1453 1360 1514 de
1376 1459 1431 1513 tuo
1448 1453 1477 1513 in

328 1548 496 1612 Erclesiam
510 1549 610 1612 studio
621 1551 786 1633 ceterisque
796 1551 967 1624 virtutibus,
982 1569 1019 1612 ac
1031 1550 1069 1612 de
1080 1549 1222 1629 singulari
1234 1567 1389 1610 sacrarum
1399 1568 1477 1630 prae-

319 1643 435 1706 sertim
446 1662 549 1706 rerum
560 1644 698 1709 doctrina
716 1653 871 1729 percepta.
884 1649 955 1722 Qua
971 1647 1095 1728 quidem
1112 1647 1223 1709 deeora
1236 1653 1305 1723 tua,
1318 1645 1392 1706 dum
1407 1664 1478 1707 earn

327 1740 550 1823 perlegeremus
560 1741 735 1823 epistolam,
750 1745 793 1807 ita
805 1744 898 1807 Nobis
909 1745 940 1806 in
951 1751 1084 1807 mentem
1096 1749 1258 1815 venerunt,
1272 1750 1305 1804 ut
1323 1742 1409 1804 valdo
1423 1744 1478 1805 lae-

327 1838 383 1900 tati
398 1854 503 1901 sumus
518 1838 557 1900 de
570 1838 654 1903 filiali
667 1847 720 1905 tua
728 1842 767 1904 in
777 1844 839 1905 Nos
855 1842 1045 1906 observantia
1058 1861 1094 1904 ae
1107 1841 1287 1922 ridereque
1308 1840 1475 1921 quidquam

327 1935 481 2018 acceptius
493 1954 531 1998 ex
539 1941 570 1999 te
583 1954 649 2001 esse
659 1945 780 2020 posset,
793 1957 886 2022 quam
900 1945 1023 2002 luorum
1031 1938 1220 2020 egregiorum
1232 1938 1372 1999 laborum
1385 1937 1476 1998 meri-

326 2042 487 2116 torumque
511 2033 691 2098 recordatio.
714 2034 924 2099 Libentissime
947 2034 1074 2116 proinde
1102 2033 1269 2115 excipimus
1293 2033 1477 2112 Theologica

326 2133 476 2214 Opuscule
486 2137 557 2210 tua,
570 2150 637 2212 que
648 2132 687 2194 ad
700 2150 756 2196 nos
768 2133 865 2196 delere
880 2139 1037 2213 tamquam
1051 2139 1109 2194 tue
1120 2132 1236 2194 eximie
1249 2131 1279 2193 in
1290 2133 1351 2192 Nos
1364 2132 1478 2192 volun-

325 2227 585 2306 tatistastimonia‚
596 2247 721 2310 queque
729 2228 786 2310 ipsi
793 2246 887 2310 penes
893 2229 955 2289 Nos
964 2228 1097 2291 babituri
1103 2247 1210 2291 sumus
1216 2227 1308 2289 etiam
1317 2234 1478 2306 tamquam

323 2325 467 2407 praeclara
486 2329 608 2390 tuarum
626 2324 751 2387 laudum
767 2329 976 2386 monumenta.
989 2325 1061 2398 Qua
1074 2323 1106 2384 in
1121 2322 1249 2404 epistola
1262 2328 1316 2384 tua
1329 2322 1367 2383 de
1381 2323 1480 2384 Nobis

325 2420 477 2484 interseris
506 2419 639 2500 judicia,
671 2421 815 2483 benevole
842 2417 966 2500 quidem
990 2417 1100 2499 pieque
1117 2417 1149 2479 id
1167 2417 1263 2495 lacis,
1286 2417 1340 2478 sed
1364 2424 1480 2480 nostrae

323 2518 386 2580 Nos
401 2515 583 2580 infirmbatis
601 2516 712 2580 conscii
724 2515 831 2579 eadem
848 2515 884 2578 in
895 2513 1006 2596 optatis
1019 2531 1064 2576 ac
1082 2514 1160 2576 votis
1178 2514 1216 2576 de
1233 2513 1326 2575 Nobis
1347 2513 1406 2575 tuis
1420 2532 1481 2594 po-

324 2613 424 2676 nenda
432 2631 497 2676 esse
510 2619 702 2696 reputamus,
714 2631 781 2695 quae
791 2612 887 2675 utllei
898 2610 1083 2693 benignitate
1094 2618 1163 2674 reta
1171 2611 1264 2690 fiant,
1279 2610 1480 2672 vehementer

321 2701 343 2772 'a
359 2715 390 2773 te
399 2710 542 2792 petimus,
553 2728 592 2773 ne
605 2709 746 2773 eumdem
754 2709 901 2789 enixe,·ut
911 2709 999 2788 facis,
1011 2707 1168 2792 deprecari
1179 2726 1314 2791 unquam
1325 2708 1480 2770 intermit-

284 2806 297 2830 ⁸
325 2815 384 2871 tas.
398 2810 461 2872 Nos
471 2807 600 2870 invicem
612 2807 716 2870 omnia
726 2807 781 2870 tibi
792 2814 926 2890 peteme
937 2812 1046 2869 nostre
1067 2806 1282 2870 benevolentia
1296 2811 1479 2885 argumenta

325 2923 482 2988 nunquam
496 2924 554 2987 pro
567 2905 792 2988 opportrmitate
805 2903 945 2967 defutura
954 2904 1146 2986 pollicemur,
1168 2922 1204 2967 ec
1216 2909 1251 2965 ut
1263 2901 1478 2965 acalamitati-

326 3002 384 3064 bus
403 3001 579 3066 monasterii
596 3001 658 3082 tui,
677 3020 753 3084 quas
772 3001 928 3080 describis,
939 3002 1092 3066 vindicem
1105 3020 1143 3065 ac
1156 3001 1365 3064 auxiliatorem
1377 3001 1477 3062 Deum

323 3099 424 3180 ipsum
440 3098 555 3161 habeas
570 3097 722 3161 industrie
735 3106 811 3177 ture,
825 3116 888 3178 que
899 3098 994 3180 ipsius
1013 3117 1154 3183 reparare
1173 3099 1303 3177 damna,
1319 3116 1355 3160 ac
1369 3097 1477 3179 pristi-

325 3212 400 3256 num
413 3192 554 3256 inducere
570 3193 601 3256 in
612 3191 805 3255 restituendis
816 3193 909 3254 etiam
923 3192 1130 3256 doctrinarum
1144 3195 1250 3258 studiis
1261 3198 1477 3257 ornamentum

319 3290 506 3354 'contendere
515 3297 546 3353 te
555 3297 714 3372 putamus,
728 3288 871 3354 eumdem
879 3283 1062 3371 magnopere
1071 3291 1275 3371 obsecramus,
1288 3292 1393 3353 divine
1409 3295 1475 3353 non

322 3391 424 3454 minus
434 3388 536 3470 gratim
552 3389 724 3471 auspicem,
734 3407 828 3471 quam
838 3387 1144 3470 pontificiae‘caritatis
1155 3391 1263 3473 pignus
1274 3391 1476 3472 apostolicam

324 3486 565 3551 benedictionem
590 3486 667 3565 tibi,
693 3485 803 3549 dilecte
822 3485 886 3566 fili,
909 3494 1103 3568 peramanter
1123 3487 1326 3570 impertimm.
1357 3489 1473 3550 Dotem

324 3588 436 3657 Romoe,
451 3592 522 3660 etr„
540 3585 589 3647 dir
601 3585 770 3663 ajanuarii
785 3587 1081 3666 177⁰,poalijicctus
1093 3591 1193 3648 nostri
1205 3607 1287 3650 anno
1295 3591 1407 3668 primo.

877 3797 913 3866 L.

777 3950 908 3994 nicaeno
931 3953 1016 3997 nmo

482 4056 744 4120 BENEDICTO
772 4058 970 4120 aonam
998 4060 1025 4120 Α
1055 4061 1310 4123 cavaeaslo

657 4173 787 4223 onnrnrs
801 4174 952 4223 nmonun
968 4174 1035 4224 ons,
1051 4175 1129 4237 aaa,

632 4269 868 4350 CLEMENS
893 4273 1023 4349 PAPA
1050 4273 1156 4350 XIV.

1078 4407 1170 4465 Roma,
1181 4411 1195 4454 o
1206 4403 1308 4466 januarii
1324 4409 1390 4455 1770.

364 4497 499 4573 Dilecto,
515 4507 572 4563 eto.
585 4500 750 4564 Concilium
766 4509 852 4565 tuum
866 4521 902 4565 ac
916 4502 1049 4565 laborem
1065 4519 1082 4562 a
1096 4508 1126 4562 te
1144 4507 1318 4581 susceptum
1332 4501 1362 4562 in
1376 4499 1475 4562 ador-
