3188 5414
223 484 295 544 aar
486 461 488 465 ’
644 480 849 538 cnnnnnns
867 481 932 536 xn·

220 595 343 665 clamne,
359 595 390 650 ut
404 588 558 667 diligenter
574 604 758 669 praecaveas,
773 590 920 664 quatenus
941 583 1048 642 schola
1065 583 1225 644 aclaustro
1241 583 1300 644 sint
1319 604 1367 646 se-
1401 616 1404 624 ·

221 696 348 770 parate,
361 687 407 747 vel
422 686 446 746 si
463 685 547 745 aliter
559 683 623 744 lieri
635 688 779 763 nequeat,
796 682 904 744 sallem
920 682 961 742 ita
972 700 1102 761 congrue
1114 682 1320 762 instituantur,
1336 695 1368 747 ut

220 809 273 869 per
294 785 471 860 transitum,
492 790 522 843 at
538 781 790 845 intromissionem
813 779 994 845 scholarium
1012 780 1091 842 intra
1113 788 1197 862 septa
1216 783 1320 863 quies,
1339 793 1368 845 et

220 882 410 945 observantia
432 879 576 964 regularis
596 877 710 943 turbari
725 878 806 939 nulla
828 876 942 938 ratione
965 877 1091 957 possint.
1116 878 1155 940 lis
1176 886 1278 943 autem
1296 882 1369 942 reli-

123 999 125 1003 *
219 981 328 1062 glosis,
344 978 394 1059 qui
411 976 534 1057 prefata
548 992 673 1036 munera
694 972 869 1053 suscipient,
884 971 1014 1034 distincti
1026 973 1119 1035 ctiam
1130 975 1240 1036 virtute
1260 985 1370 1039 sancta

220 1074 407 1150 obedientie,
420 1070 585 1152 precipias,
599 1076 633 1131 ut
640 1068 791 1130 scholares
800 1087 870 1130 suos
878 1087 938 1130 non
951 1068 1043 1130 modo
1053 1069 1084 1131 in
1090 1069 1196 1132 litteris
1207 1072 1367 1143 instruant,

219 1172 270 1235 sed
284 1171 375 1232 etiam
388 1169 517 1250 piatatis,
538 1186 573 1228 ac
590 1164 740 1245 religionis
753 1164 908 1246 principiis
921 1165 1025 1227 sedulo
1036 1172 1067 1226 et
1082 1166 1199 1229 assidue
1212 1167 1369 1244 imbuant,

220 1267 261 1326 ita
283 1273 316 1326 nt
334 1265 445 1346 pluries
468 1265 498 1326 in
520 1261 709 1326 hebdomade
731 1261 898 1324 christiane
916 1262 1108 1324 catecheseos
1123 1263 1296 1326 rudimenta
1314 1285 1370 1345 pro

220 1371 310 1444 captu
328 1366 546 1443 cujuscumque
562 1361 606 1423 eis
628 1360 764 1436 tradant,
784 1365 981 1422 sacrosanctae
993 1359 1089 1420 Missa
1107 1359 1254 1423 sacrificio
1267 1362 1370 1441 quoti-

219 1462 278 1538 die,
294 1462 317 1523 si
333 1461 396 1522 fieri
406 1466 517 1540 potest,
532 1477 584 1519 eos
599 1456 735 1518 assistere
748 1455 870 1532 faciant,
885 1474 920 1517 ac
929 1455 1041 1518 festivis
1052 1456 1160 1518 diebus
1172 1477 1225 1519 eos
1236 1457 1265 1518 in
1277 1477 1370 1520 unum

219 1563 414 1636 congregent,
437 1562 470 1617 ut
491 1552 594 1616 fusiori
608 1551 690 1613 verbi
714 1550 766 1612 Dei
790 1550 1003 1631 explicatione,
1020 1560 1279 1617 sacramentorum
1299 1575 1370 1636 per-

219 1655 372 1734 ceptione,
393 1653 570 1714 devotarum
593 1667 736 1731 procum,
756 1649 803 1709 vel
825 1647 1015 1729 psalmodiae,
1036 1656 1088 1710 aut
1109 1651 1200 1716 officii
1220 1653 1259 1714 de
1283 1653 1369 1716 beata

218 1752 338 1831 Virgine
356 1749 453 1812 ‘Maria
472 1748 663 1824 recitatione,
684 1746 807 1826 ahisque
826 1747 946 1827 pietatis
964 1747 1099 1825 actibus,
1119 1756 1150 1810 et
1170 1749 1369 1815 incitamentis

219 1849 359 1912 festivum
370 1848 467 1925 diem,
483 1853 573 1928 prout
584 1847 687 1923 decet,
700 1846 881 1926 transigant,
905 1844 1007 1927 sicque
1025 1846 1055 1908 iu
1072 1847 1239 1913 Christiana
1258 1848 1371 1928 pietate

218 1945 459 2020 exercitatiores,
474 1952 504 2004 et
517 1941 722 2003 instructiores
736 1940 876 2002 evadant.
894 1941 924 2002 Si
939 1949 1040 2002 autem
1052 1943 1256 2022 contingeret,
1271 1952 1308 2005 ut
1320 1945 1370 2006 ubi

219 2040 335 2104 nullum
356 2042 564 2122 religiosorum
584 2041 752 2101 claustrum
770 2039 884 2116 existit,
913 2039 1012 2119 aliqua
1034 2039 1370 2120 schola-institueretur,

219 2160 254 2200 ac
268 2138 436 2200 neccssaria
457 2137 583 2215 alicujus
603 2133 734 2215 religiosi
748 2134 803 2195 viri
817 2152 910 2215 opera
920 2134 1082 2214 videretur,
1096 2135 1166 2197 licet
1179 2155 1301 2199 summe
1311 2139 1373 2200 eni-

218 2237 343 2296 tendum
357 2234 411 2311 sit,
433 2252 471 2294 ne
490 2233 550 2295 ullo
570 2249 704 2312 unquam
725 2237 861 2310 tempore
888 2232 934 2292 vel
953 2233 1020 2293 looo
1040 2234 1192 2312 regulares
1213 2237 1374 2315 aproprio

218 2334 348 2394 elaustro
361 2333 535 2408 avellantur,
550 2338 683 2399 attamen
697 2330 900 2392 succurrendo
911 2331 1105 2412 presentibus
1115 2332 1199 2411 regui
1220 2350 1256 2394 ac
1267 2335 1372 2414 populi

218 2432 304 2492 istius
324 2429 568 2505 necessitatibus,
584 2429 702 2509 quotics
715 2429 815 2490 nullus
827 2428 903 2490 alius
915 2429 1040 2490 inveniri
1054 2430 1164 2510 possit,
1179 2430 1232 2510 qui
1247 2431 1371 2493 schola-

218 2546 286 2588 rum
296 2526 431 2605 regimen
444 2543 593 2585 assumere
607 2525 722 2601 valcat,
739 2543 799 2586 non
814 2526 985 2603 renuimus,
1001 2527 1073 2606 quin
1092 2527 1266 2608 huiusmodi
1278 2529 1373 2591 etiam

220 2624 330 2695 scholis
352 2623 483 2702 aliquem
497 2621 668 2700 religiosum
681 2621 781 2682 virum
792 2622 904 2702 prefici
915 2623 1090 2703 permittas,
1105 2624 1273 2689 dummodo
1284 2646 1372 2705 raro,

219 2741 254 2782 ac
277 2720 395 2782 nonnisi
417 2720 446 2779 in
468 2737 539 2779 casu
553 2719 681 2799 praecisae
700 2718 887 2781 necessitatis
901 2719 959 2781 hac
974 2727 1078 2782 nostra
1091 2722 1235 2784 facultate
1256 2724 1371 2803 utaris,

217 2837 346 2899 eamque
360 2817 398 2878 ad
409 2823 529 2896 tempus
545 2816 599 2877 tibi
614 2815 791 2878 benevisum
804 2817 971 2895 concedas,
986 2819 1189 2886 renovandam
1206 2821 1334 2900 deinde,
1346 2825 1372 2885 si

219 2915 325 2977 eadem
340 2913 500 2975 necessitas
520 2912 689 2992 duraverit,
704 2932 739 2974 ac
761 2913 885 2975 demum
901 2915 1026 2976 omuino
1047 2917 1222 2996 providem,
1243 2920 1374 2985 uereti-

219 3015 293 3094 giosi
307 3011 442 3094 predicti
455 3011 540 3087 alibi,
550 3011 680 3091 quamin
695 3011 787 3072 domo
798 3012 922 3092 parochi
933 3013 990 3074 loci
1005 3014 1198 3093 commorari,
1213 3016 1374 3095 redegere

221 3112 347 3192 possint.
363 3108 763 3190 Getarumquaudoquidem
782 3108 884 3188 Regis,
905 3128 940 3170 ac
959 3111 1166 3183 Octoxirorum
1177 3111 1371 3191 prelatorum

221 3208 389 3269 sollicitudo
408 3226 468 3267 non
487 3207 579 3268 modo
595 3207 633 3267 ad
646 3225 809 3286 puerorum
822 3206 1048 3267 instructionem
1063 3207 1229 3285 incumbit,
1243 3199 1372 3268 scd'miss

220 3305 391 3368 serabilium
411 3305 580 3385 puellarum
594 3305 743 3384 praecipue
760 3304 907 3367 nobilium
925 3305 955 3366 in
977 3304 1106 3384 pietate,
1126 3305 1214 3367 bonis
1234 3304 1368 3383 artibus,

219 3420 255 3463 ac
275 3419 422 3463 manuum
437 3401 589 3462 laboribus
599 3401 686 3479 juxta
706 3418 811 3460 earum
832 3400 1034 3463 conditionem
1054 3403 1247 3482 opportunis,
1263 3421 1298 3464 ac
1310 3421 1371 3464 ne-

220 3497 356 3559 cessariis
368 3497 586 3558 institutionem
597 3514 774 3578 promovere
790 3495 981 3559 laudabiliter
992 3497 1138 3575 intendit,
1157 3500 1215 3560 hac
1228 3500 1322 3562 etiam
1339 3502 1372 3566 in

219 3603 306 3676 parte
327 3597 433 3656 eorum
452 3595 592 3674 precibus
611 3594 815 3674 indulgemus,
840 3602 870 3656 et
884 3596 1066 3658 monasteria
1082 3597 1260 3658 monialium
1277 3598 1373 3665 etium

138 3721 141 3724 ·
220 3693 401 3775 Apostolicoe
415 3691 483 3753 Sodi
506 3691 677 3753 immediate
696 3693 846 3770 subjecta,
870 3712 937 3772 quae
951 3712 1076 3757 numero
1098 3713 1316 3775 personarum,
1339 3705 1372 3758 et
1407 3714 1410 3719 ·

204 3823 207 3828 f
220 3809 353 3870 congrua
363 3790 452 3864 dote,
467 3809 519 3851 seu
532 3789 724 3865 fundatione,
738 3790 964 3869 commodisque
973 3791 1085 3853 edibus
1098 3794 1194 3872 magis
1206 3801 1370 3873 praestant,
1400 3788 1410 3807 '

220 3888 291 3949 huic
305 3888 360 3969 pia
377 3885 554 3948 institutioni
570 3885 753 3962 addicimus,
771 3885 981 3965 decernentes,
999 3895 1032 3954 ut
1051 3891 1155 3969 puella
1169 3891 1318 3970 predictae
1340 3891 1375 3966 iu

218 4004 322 4046 earum
331 3983 469 4045 claustris
482 3984 573 4063 recipi
588 3984 728 4060 debeant,
744 3984 774 4045 in
786 3984 895 4063 quibus
905 3986 1072 4067 diligenter,
1087 4007 1122 4048 ac
1131 3989 1269 4068 religiose
1284 3989 1371 4050 insti·

218 4089 356 4159 tuantur,
372 4081 474 4161 ibique
487 4080 604 4140 servata
618 4082 761 4142 clausurae
778 4081 843 4161 lege
863 4085 1102 4160 commorentur,
1124 4084 1220 4146 donec
1234 4091 1369 4163 statum,

216 4179 264 4238 vel
275 4179 463 4259 religiosum,
478 4177 524 4239 vel
539 4176 727 4256 conjugalem
739 4179 879 4259 amplecti
893 4180 1059 4240 voluerint:
1072 4180 1244 4241 hortamen
1257 4185 1371 4260 cnuto,

216 4275 333 4354 quodsi
349 4277 386 4338 ad
395 4273 548 4338 saecularia
559 4280 629 4334 vota
642 4274 769 4336 transire
780 4274 949 4353 instituant,
963 4286 1123 4358 antequam
1133 4278 1370 4358 desponsantur,

129 4392 133 4401 ·
217 4375 434 4435 amonasterio
454 4372 655 4433 dimittantur.
679 4375 718 4433 Ut
737 4379 838 4435 autem
860 4373 890 4432 in
913 4375 1101 4435 monasteriis
1126 4375 1198 4455 ipsis
1220 4377 1372 4454 regularis

217 4469 372 4554 disciplina
386 4479 489 4545 exacte
501 4477 645 4549 servetur,
659 4477 689 4532 et
702 4472 821 4551 piorum
839 4471 1032 4534 fundatorum
1043 4473 1134 4533 menti
1155 4472 1299 4550 satisfiat,
1317 4474 1373 4538 dc=
