3188 5414
401 499 642 556 EPISTOLAEET
662 502 797 557 BREVIA,
816 503 1050 558 suLEcvlonl.
1266 514 1299 562 45

154 605 504 689 precationesdirigatis,
518 625 553 668 ac
565 606 642 667 sicut
662 607 801 683 monitio,
824 591 854 667 et
865 608 996 669 consiliis
1009 610 1131 687 vestris,
1149 612 1188 670 ila
1208 614 1298 674 etiam
1358 624 1360 628 ‘

154 703 292 783 exemplo
311 703 349 765 ad
361 703 508 765 curandas
522 712 584 765 tam
597 722 656 765 sure
676 704 795 782 salutis,
810 723 902 784 quam
913 707 1040 785 publice
1055 707 1223 768 christiana
1237 712 1299 771 uti-

153 802 242 863 litatis
252 800 384 863 rationes
394 801 595 863 inflammetis.

149 928 152 933 ·
183 899 236 958 >Ae
247 897 277 958 in
292 903 401 958 nostra
413 898 546 959 caritatis
560 898 667 978 pignus
681 899 878 978 apostolicam
888 902 1128 964 benedictionem
1138 904 1233 982 vobis,
1242 907 1298 965 lle-

150 995 299 1056 nerabiles
313 997 449 1073 Fratres,
468 1014 504 1057 ac
513 1003 680 1057 vestrarum
694 996 887 1058 ecelesiarum
908 998 1045 1061 fidelibus
1058 1001 1178 1081 populis
1189 1019 1298 1062 amau-

150 1091 264 1153 tissime
276 1091 475 1172 impertimur.
489 1095 600 1154 Datum
616 1093 731 1162 Rome,
744 1092 826 1170 apoc
835 1093 978 1156 Soractem
991 1099 1120 1157 Mariam
1136 1099 1294 1174 Maiorem,

148 1191 197 1251 die
214 1201 248 1252 11
259 1192 425 1253 decembris
439 1201 525 1267 1719,
535 1192 731 1269 pontificatue
744 1195 842 1251 eostre
854 1209 933 1251 cauo
943 1197 1053 1270 primo.

660 1411 774 1480 XLIII.

603 1578 737 1622 nlbecro
757 1579 842 1623 mro

144 1707 148 1711 ·
166 1685 372 1746 lOAGHIMO
390 1685 440 1744 AB
453 1686 605 1760 ΟΧΟΜΑ,
623 1689 779 1750 olmssvls
791 1689 977 1750 MINORUM
991 1689 1022 1748 S.
1040 1686 1260 1757 vuaumscl,

144 1803 323 1854 neslemro
332 1801 581 1853 sucumrrscoro
589 1805 773 1866 rauranum,
787 1805 878 1854 naurs
891 1804 1061 1854 carnorum
1072 1802 1293 1861 comessuram,

455 1907 690 1988 CLEMENS
717 1907 846 1986 PAPA
872 1905 980 1983 XIV.

847 2067 939 2123 llorere,
956 2066 985 2112 11
998 2061 1130 2111 decembris
1146 2066 1214 2112 1769.
1290 2038 1293 2041 ’

183 2171 311 2242 Dilecta,
332 2177 388 2232 etc.
403 2172 584 2252 Magnopere
600 2172 748 2250 laetamur,
763 2176 808 2249 ut,
829 2188 901 2232 cum
912 2176 942 2230 te
963 2168 1004 2230 ob
1018 2168 1177 2247 praeclaras
1197 2167 1291 2229 animi

143 2266 267 2329 virtutes
295 2269 612 2351 accuratissimamque
640 2270 687 2333 vel
715 2269 746 2331 in
767 2269 833 2353 ipsa
853 2268 940 2348 regia
967 2266 1043 2327 aulae
1070 2265 1293 2344 magnificentia

142 2363 278 2443 religiose
288 2371 451 2447 sancteque
464 2366 582 2428 vivendi
590 2365 737 2449 formam,
751 2383 787 2427 ac
800 2363 840 2426 ob
849 2363 1009 2440 eximium,
1022 2378 1083 2442 quo
1094 2379 1188 2442 penes
1202 2363 1293 2423 caris-

141 2460 251 2522 simum
265 2461 297 2523 in
311 2463 427 2526 Christo
442 2464 539 2526 lilium
551 2470 691 2527 nostrum
702 2465 842 2527 carolum
852 2461 1064 2545 Hispaniarum
1073 2478 1175 2540 regem
1189 2460 1293 2522 catho-

140 2557 232 2618 licum
246 2557 378 2639 fungens
386 2606 395 2638 ,
413 2561 586 2625 confessarii
600 2581 711 2625 munus
729 2563 892 2645 episcopali
905 2561 1050 2642 dignitate
1064 2577 1188 2637 ornare,
1205 2559 1291 2621 acad

139 2654 315 2716 Thebanam
337 2659 601 2739 metropolitanam
620 2659 777 2722 ecclesiam
800 2661 926 2721 evehere
950 2659 1030 2720 ultro
1053 2655 1288 2732 decreverimus,
1367 2691 1369 2696 ·

141 2749 222 2813 idem
239 2769 321 2813 esses
333 2753 466 2833 pristinae
479 2755 618 2818 amicitie
629 2758 696 2835 jure
712 2757 986 2836 conjunctissimus.
1001 2756 1047 2815 Ex
1066 2770 1127 2832 quo
1148 2769 1290 2831 percom-

140 2846 231 2924 mode
246 2847 367 2926 accidil,
382 2856 416 2911 ut
429 2851 619 2930 egregiorum
632 2854 809 2930 meritorum
818 2860 941 2916 tuorum
957 2852 1106 2913 rationem
1117 2848 1247 2926 habere,
1259 2857 1290 2910 et

139 2959 201 3002 una
218 2949 328 3004 nostrae
341 2946 581 3026 propensissimae
599 2966 670 3026 erga
679 2953 709 3008 te
724 2948 869 3009 voluntati
882 2947 1051 3009 satisfacere
1063 2942 1224 3025 possimus.
1247 2945 1289 3006 De

139 3037 198 3098 hac
217 3037 307 3117 igitur
327 3039 445 3116 actione
466 3046 587 3119 nostra,
609 3041 647 3102 de
665 3060 725 3123 qua
747 3042 933 3104 conficienda
956 3060 992 3102 ac
1005 3038 1191 3120 expedienda
1206 3042 1288 3105 omni

140 3152 214 3196 cura
227 3136 398 3199 exsolutum
412 3145 444 3200 te
455 3157 521 3200 esse
532 3139 699 3219 voluimus,
723 3147 756 3202 ut
771 3139 890 3202 exfolio
912 3138 960 3201 his
980 3135 1087 3199 litteris
1107 3135 1223 3199 adnexo
1240 3135 1289 3198 in-

137 3231 266 3320 lelligere,
278 3252 340 3296 non
354 3235 451 3316 magis
465 3236 518 3298 tibi
526 3282 535 3315 ,
548 3255 642 3318 quam
656 3237 884 3319 Nobismetipsis
898 3236 1096 3319 gratulamur,
1111 3232 1218 3298 dilecte
1233 3234 1287 3313 lili,

137 3331 219 3411 quod
234 3332 407 3413 hujusmodi
431 3353 492 3397 uon
515 3334 614 3399 solum
634 3335 728 3397 nostri
752 3335 782 3398 in
807 3341 837 3398 te
855 3333 1014 3414 singularis
1039 3330 1167 3411 amoris,
1183 3349 1287 3398 verum

137 3424 1287 3512 etiamcumulatIssimideiciudiciiacexistimationistestimoniumpublice
1389 3431 1393 3440 ’

137 3525 322 3605 dederimus,
340 3546 460 3608 unaque
479 3534 619 3591 nostrum
635 3528 688 3589 tibi
701 3519 954 3588 declaraverimus
965 3533 1086 3606 gratum
1101 3526 1235 3587 anirnum
1247 3529 1286 3588 ob

136 3624 379 3707 perspectissime
387 3630 438 3688 lua
448 3625 589 3705 ergaNos
599 3623 709 3701 studia,
720 3642 787 3704 quae
798 3623 975 3703 opportunis
985 3622 1045 3682 tuis
1053 3621 1159 3684 officiis
1168 3623 1286 3684 abunde

136 3721 224 3783 nobis
237 3728 308 3784 sunt
316 3721 461 3784 hactenus
472 3720 662 3784 confirmata.
675 3722 803 3783 caeteras
816 3721 854 3781 de
865 3727 918 3781 tuo
930 3708 1189 3801 archiepiscopatu
1201 3739 1286 3803 apos

135 3816 242 3894 ,tolicas
264 3815 377 3878 litteras
390 3810 581 3896 propediem,
598 3832 669 3876 cum
684 3814 787 3876 omnia
804 3812 937 3895 perlecta
957 3820 1060 3892 erunt,
1077 3813 1116 3875 ad
1132 3822 1161 3876 te
1184 3821 1285 3876 traus-

137 3914 303 3976 mittemus.
323 3914 527 3975 Vehementer
541 3913 634 3976 etiam
651 3913 833 3994 gaudemus,
855 3913 945 3974 aliam
964 3931 1084 3994 quoquc
1104 3911 1195 3974 Nobis
1216 3931 1285 3993 sup

93 4008 96 4013 ’
136 4011 263 4091 peditari
275 4012 384 4074 laetitiae
393 4018 453 4073 tuae
462 4011 650 4075 cumulandae
664 4012 827 4090 rationem,
838 4011 911 4073 dum
927 4016 957 4071 te
971 4009 1114 4071 nimirum
1126 4009 1283 4070 certIorem

135 4108 404 4186 facimus,eausam
413 4108 590 4171 venerabilis
600 4110 675 4171 servi
686 4109 739 4172 Dei
747 4107 870 4172 Joannis
882 4106 1107 4185 dePalalox,de
1117 4125 1177 4188 qua
1187 4125 1283 4191 nuper

135 4210 182 4268 est
200 4207 424 4284 actum‚illum
437 4206 577 4270 habuisse
595 4208 725 4285 exitum,
741 4207 792 4288 qui
816 4227 852 4269 ex
873 4205 1026 4284 voluntate
1040 4212 1142 4269 nostra
1160 4205 1232 4287 luit,
1252 4216 1282 4270 et

134 4310 194 4381 tuae
207 4302 240 4383 in
253 4321 323 4380 eum
333 4305 439 4385 pietati
457 4305 576 4370 iuturus
589 4306 626 4368 sit
638 4307 771 4370 maxime
783 4310 1018 4385 consentaneus,
1036 4322 1124 4381 cum,
1140 4304 1214 4388 quid
1225 4291 1282 4367 de-

136 4389 252 4461 cretum
266 4401 322 4478 sit,
338 4419 375 4462 ex
390 4393 490 4464 altero
502 4403 584 4465 hisce
598 4404 704 4466 litteris
727 4404 844 4465 adnexo
864 4386 937 4466 folio
957 4411 1133 4482 cognosces.¹
1153 4400 1223 4463 Ida
1238 4409 1281 4463 ”te

135 4497 324 4562 vehementer
345 4500 492 4581 petimus,
507 4509 541 4562 ut
560 4508 663 4564 nostro
679 4502 801 4563 nomine
820 4503 974 4564 catholica
994 4499 1145 4578 majestati
1164 4497 1281 4561 deleres
