3188 5414
468 503 712 558 EPISTOLAEET
729 503 862 556 elravtl
882 503 1117 559 senaculum.
1296 508 1297 513 ’
1321 505 1374 555 lud

226 599 409 663 abstinentie
422 599 540 679 pensari
563 600 662 662 valeat
677 599 833 663 relaxatio.
849 600 984 662 Primum
1001 601 1121 683 itaque,
1137 602 1368 668 dlechssima’m

223 695 341 762 Christo
349 694 411 758 tilia
420 701 535 773 nostra,
548 714 588 758 ne
598 694 672 777 quid
682 695 720 758 de
732 695 792 759 hac
805 714 838 759 re
849 695 1043 759 dubitationis
1056 698 1243 760 conscientie
1252 705 1311 761 tua
1323 701 1371 763 in-

224 799 337 859 herere
349 793 459 875 possit,
470 812 648 874 persuasum
661 793 716 861 tibi
727 793 858 858 maxime
870 813 936 856 esse
951 793 1095 876 cupimus
1101 794 1218 873 omnin,
1233 813 1300 875 qim
1311 795 1370 856 hue

222 891 372 972 pertinent
380 935 389 968 ‚
399 888 491 953 Nobis
502 889 723 971 diligentissime
739 908 839 954 essee
854 889 1185 971 pretatodileetissimo
1198 891 1260 954 tilio
1275 910 1372 974 expo-

222 988 293 1068 sita,
322 1005 359 1053 ac
381 987 550 1066 declarata,
575 989 696 1070 Nosque
720 1007 814 1052 eausa
833 988 991 1071 perspicue
1009 989 1147 1070 cognitu,
1171 999 1375 1074 accurateque

221 1103 366 1167 expensa,
388 1084 427 1147 de
445 1092 500 1148 tua
516 1084 855 1166 petitionedecemere.
871 1087 1070 1167 Quapropter,
1095 1087 1183 1169 quod
1195 1089 1227 1150 in
1243 1091 1375 1152 bombo

221 1183 394 1247 faciendum
408 1183 598 1262 iudicamus,
614 1183 790 1246 facultatem
800 1183 859 1245 tibi
874 1183 980 1246 diebus
988 1247 990 1252 .
993 1183 1098 1263 jejunii
1116 1185 1182 1265 lego
1194 1187 1306 1265 vetitis,
1319 1177 1371 1249 sa-

220 1284 322 1349 lubres
333 1303 439 1348 earnes
459 1282 637 1346 comedendi
648 1282 814 1365 apostolica
834 1281 1014 1345 auctoritate
1026 1273 1243 1363 concedimus,
1256 1304 1292 1347 ac
1308 1286 1369 1348 im.
1398 1335 1404 1343 .

220 1383 429 1464 pertimur„ae
444 1379 574 1443 etiamsi
590 1378 634 1442 ita
644 1378 841 1457 confessario,
856 1378 990 1460 itemque
1010 1380 1130 1443 medice
1140 1387 1196 1443 tuo
1209 1382 1368 1462 videbitur,

221 1479 609 1544 moderatumearumdem
635 1479 773 1541 earnium
797 1497 887 1541 usum
908 1478 1077 1560 vespertino
1097 1479 1266 1542 dohationis
1288 1489 1369 1544 tem'-

220 1599 295 1660 pore
316 1578 534 1660 permittimus,
546 1596 548 1600 ⁴
559 1597 595 1641 ac
613 1577 812 1658 indulgemus.
833 1578 932 1657 Atque
949 1581 984 1638 ιιι
1000 1576 1099 1638 adhuc
1121 1577 1218 1658 magis
1229 1579 1320 1640 omni
1339 1586 1375 1642 te·

220 1676 312 1740 animi
324 1676 472 1763 anxietate
485 1676 670 1754 eximamus,
683 1693 752 1737 eam
762 1673 878 1755 ipsam,
893 1693 954 1755 qua
967 1676 1140 1737 tesolatam
1154 1694 1219 1738 esse
1230 1675 1373 1738 declara--

219 1775 335 1853 vimus,
348 1777 446 1855 legem
454 1774 515 1836 hoc
527 1774 586 1836 alio
603 1780 844 1849 commutamus,
856 1770 1115 1853 quemadmodum
1125 1780 1251 1853 exoptas
1261 1791 1371 1851 onere,

219 1873 374 1950 videlicet,
394 1880 428 1934 ιιι
446 1872 579 1953 qualibet
596 1878 680 1932 sexta
699 1867 904 1931 Hebdomade
922 1867 998 1929 feria
1017 1869 1048 1930 in
1066 1868 1215 1932 honorem
1233 1870 1368 1950 quinque

219 1970 327 2031 Christi
352 1968 470 2031 Domini
488 1969 649 2048 Plagarum
667 1967 800 2047 quinque
819 1964 991 2027 Dominieas
1015 1966 1165 2030 orationes
1189 1974 1220 2028 et
1242 1967 1371 2032 totidem

219 2061 419 2129 Salutationes
438 2066 595 2147 angelicas
619 2066 727 2128 devote
750 2065 877 2126 recitare
897 2064 1019 2126 debeas.
1042 2065 1225 2126 Permoleste
1246 2066 1370 2146 quidem

219 2164 360 2243 tulimus,
378 2163 571 2227 dilectissima
589 2164 618 2224 in
633 2162 751 2227 Christo
769 2162 968 2239 fita-nostra,
979 2161 1153 2239 hujusmodi
1169 2161 1255 2225 datas
1276 2164 1368 2225 Nobis
1408 2178 1409 2181 ’

218 2281 299 2339 esse,
310 2268 344 2322 ut
355 2261 408 2324 tibi
418 2259 634 2346 gratificemur,
647 2259 825 2322 valetudinis
840 2266 898 2321 tua
909 2278 1033 2336 causas,
1043 2257 1087 2319 ita
1099 2265 1201 2320 tamen
1214 2259 1367 2320 luculento

218 2377 291 2438 erga
304 2364 334 2420 te
347 2359 447 2421 animo
460 2358 491 2420 id
501 2358 627 2420 fecimus
634 2405 642 2437 ,
656 2367 690 2420 ut
701 2357 832 2421 maxime
841 2357 999 2439 cupiamus
1015 2373 1108 2419 novas
1120 2356 1320 2442 imposterum
1332 2378 1367 2418 ae

215 2456 447 2534 jucundissimas
459 2457 569 2519 crebro
585 2456 769 2539 suppeditari
779 2454 873 2518 Nobis
884 2445 1043 2538 paternam
1056 2453 1152 2533 magis
1169 2452 1200 2514 in
1212 2452 1275 2514 dies
1287 2453 1368 2514 cari-

218 2559 313 2615 tatem
327 2554 381 2616 tibi
398 2555 526 2618 testandi
538 2554 817 2635 ,oontirmandique
836 2553 980 2614 rationes.
996 2550 1083 2627 Quod
1091 2570 1129 2612 ex
1144 2550 1209 2630 ipso
1219 2550 1310 2612 etiam
1324 2551 1368 2611 di-

217 2649 296 2711 lecto
313 2649 375 2711 filio
388 2651 532 2732 magistro
544 2653 675 2730 Herzan,
691 2650 740 2712 cui
757 2656 878 2712 nostros
890 2648 928 2710 de
948 2656 978 2710 te
998 2665 1103 2710 sensus
1123 2645 1289 2727 patefactos
1302 2666 1366 2709 esse

218 2765 323 2809 coram
336 2746 501 2826 voluimuS,
515 2747 696 2810 luculentius
710 2746 866 2826 intelliges.
879 2747 941 2807 Nos
953 2744 1085 2806 invicem
1103 2743 1250 2821 majorem
1262 2743 1292 2803 in
1302 2762 1367 2805 mo

217 2841 292 2902 dum
307 2841 494 2905 confidimus
510 2841 596 2919 tore,
623 2860 680 2922 pro
696 2847 804 2913 mutua
824 2847 878 2903 tua
900 2859 971 2921 erga
991 2841 1053 2916 Nos
1067 2839 1160 2901 filiali
1181 2839 1311 2920 pietate,
1333 2850 1367 2902 ut
1396 2918 1402 2929 „

217 2938 337 3018 egregia
355 2938 448 3001 Nobis
465 2937 642 3019 gravissimo
660 2938 720 3001 hoe
736 2954 862 3002 munere
880 2937 1074 3017 fungentibus
1092 2937 1122 2999 in
1143 2935 1371 3018 precationibus

218 3032 258 3094 ad
277 3033 448 3096 Deumtuis
462 3034 776 3097 subsidiaeonstituta
788 3035 858 3096 sint.
871 3033 951 3116 Nihil
965 3042 1030 3095 esse
1048 3041 1107 3095 ate
1124 3032 1216 3096 Nobis
1234 3031 1364 3112 gratius,

217 3128 290 3191 nihil
308 3129 460 3198 devotioni
475 3131 506 3193 in
520 3131 726 3214 Apostolieam
737 3131 845 3195 Sedena
864 3137 924 3193 tuae
935 3130 1133 3213 opportunius
1147 3149 1293 3211 nmquam
1306 3150 1366 3212 po-

217 3227 295 3288 terit.
307 3230 436 3291 hemum
444 3228 475 3293 in
485 3229 633 3293 uberioris
639 3230 748 3292 dimne
755 3230 857 3311 gratie
869 3229 1047 3311 auspicium,
1058 3236 1226 3309 nostraque
1233 3227 1367 3291 caritatis

217 3324 323 3406 pignus
344 3328 541 3408 apostolicam
563 3328 804 3392 benedictionem
822 3328 894 3408 tibi,
906 3325 1104 3391 dilectissima
1123 3327 1154 3388 in
1174 3327 1290 3388 Christo
1304 3328 1365 3390 filia

216 3428 336 3501 nostra,
352 3424 458 3487 intimo
468 3425 585 3508 paterni
597 3426 800 3491 eordissensu
813 3427 1017 3491 amantissime
1034 3425 1234 3509 impertimur.
1252 3429 1364 3490 Datum

216 3523 408 3594 haeresse,
422 3525 471 3584 dte
492 3537 529 3588 ιι
548 3527 690 3602 tersere
708 3527 1116 3603 1772,ponttsteutus-uestri
1135 3543 1212 3584 anno
1225 3529 1325 3586 tertio.

671 3638 896 3652 -t--F—U-U·

582 3751 584 3754 ⁴
693 3728 864 3800 CLXXIX.

523 3847 525 3853 ’
628 3878 815 3942 venantem
838 3878 953 3922 ansani·

489 3965 630 4028 solnm
650 3967 834 4029 ernooro
854 3931 1108 4039 cananeae}
1136 4030 1138 4033 ,

312 4072 508 4124 ooanruroer
523 4073 647 4137 viciam
660 4074 848 4138 arqsromm
870 4074 1002 4132 ιιιιιιιιιιι
1025 4073 1264 4133 oneraremus,

379 4160 403 4243 ss
524 4168 759 4254 CLEMENS
784 4172 913 4248 ΡΑΡΑ
942 4171 1047 4262 XlV.

969 4315 1059 4370 Romae,
1073 4317 1103 4360 29
1113 4310 1214 4371 Jarrrrarii
1231 4313 1297 4358 1772.

263 4395 457 4467 Venerabilis,
472 4403 527 4457 ete.
542 4396 720 4477 decepimus
733 4417 770 4460 eo
780 4400 880 4479 plane,
891 4419 952 4479 quo
960 4400 1029 4479 ipse
1043 4399 1139 4480 cupis,
1151 4397 1251 4459 animo
1261 4397 1363 4460 literas·

216 4499 284 4555 tuas
296 4493 344 4554 die
359 4513 422 4556 xxx
439 4493 606 4556 decembris
626 4494 661 4556 ad
677 4496 737 4556 Nos
751 4494 848 4572 datas,
864 4494 1049 4557 Venerabilis
1065 4498 1178 4572 Frater,
1201 4494 1362 4576 exquibus
