3188 5414
472 499 718 554 aristonem
736 499 874 553 ultavit
891 498 1124 555 SELECTlORA.
1334 509 1368 559 ii

224 621 382 688 perquem
392 621 518 684 remiss,
531 623 588 686 pro
600 609 654 667 tua
671 603 882 685 regiorumque
894 603 1058 665 liberorum
1073 611 1196 666 tuorum
1209 605 1370 668 incolumi-

224 709 287 767 tate
299 701 494 783 deprecantes
513 702 711 784 apostolicam
726 701 967 764 benedictionem
978 701 1114 780 ejusdem
1128 700 1234 780 gratia
1248 721 1285 764 ac
1295 722 1370 765 vera

221 799 372 864 felicitatis
389 801 542 881 auspicem
553 797 812 880 Regialttajestati
831 803 890 859 tuac
908 797 1149 878 intimopaterni
1171 797 1263 860 animi
1281 818 1370 861 sensu

225 897 431 960 amantissime
453 896 654 978 impertimur.
675 898 790 959 Datum
803 898 923 970 liomoe,
942 904 1013 970 etc,
1028 897 1080 958 dic
1094 908 1127 957 tt
1145 900 1252 958 mortis·
1273 907 1369 973 ltro,

222 999 415 1080 pontt'jicctos
426 1001 526 1058 nostri
540 1013 624 1058 occo
632 999 745 1075 primo.

739 1224 854 1315 cxvi.

631 1409 827 1452 vadarentur
848 1410 962 1454 FRATRI

456 1522 646 1584 1GNAT10
673 1523 888 1610 EPISCOPO
915 1519 1128 1584 VILNENSI

536 1648 770 1727 CLEMENS
797 1649 927 1724 PAPA
953 1647 1012 1725 XI
1053 1707 1062 1724 .

978 1831 1074 1889 Romae,
1087 1833 1112 1876 at
1130 1827 1209 1880 martii
1223 1831 1290 1879 1770.
1319 1885 1323 1890 A
1363 1806 1366 1811 A
1413 1819 1415 1822 ’

212 1570 220 1624 ἰ

207 1950 209 1954 ·
266 1940 464 2021 Venerabilis,
485 1947 545 2003 etc.
560 1941 679 2004 Dilecta
696 1942 726 2004 iu
740 1942 857 2004 Christo
869 1942 936 2004 iiliae
958 1944 1072 2024 Angeia
1086 1942 1321 2014 Patenchinows
1337 1951 1369 2005 et

221 2043 350 2121 quatuor
362 2040 497 2120 ejusdem
512 2041 612 2119 socia,
624 2046 693 2123 post
701 2040 819 2103 visitata
827 2041 864 2102 B.
877 2042 913 2103 B.
926 2041 1141 2122 Apostolorum
1152 2041 1231 2103 Petri
1243 2047 1273 2104 et
1283 2042 1367 2109 Pauli

221 2135 342 2219 limine,
355 2138 394 2201 ad
407 2158 473 2220 quas
483 2138 549 2201 illas
562 2138 693 2219 plurima
705 2137 802 2219 pietas
814 2156 867 2219 per
880 2144 943 2202 tam
960 2138 1157 2219 longinquum
1168 2139 1226 2200 iter
1237 2137 1369 2205 deduxe-

220 2234 361 2314 aarum
371 2237 502 2302 reditum
513 2256 595 2303 nunc
605 2242 731 2319 parant,
745 2239 898 2318 postulant
910 2238 1049 2316 aNobis,
1062 2244 1096 2300 ut
1108 2237 1369 2321 commendatitias

220 2334 275 2396 sibi
290 2335 328 2397 ad
339 2343 370 2398 te
379 2383 387 2415 ,
397 2337 582 2400 Venerabilis
593 2340 707 2416 Frater,
722 2337 753 2399 in
764 2338 850 2416 cuius
859 2337 978 2400 dioeoesi
991 2337 1113 2417 degunt,
1124 2336 1231 2398 demus
1239 2335 1367 2412 litteras,

219 2434 327 2514 quibus
341 2444 424 2501 tuam
438 2439 595 2502 caritatem
607 2440 646 2501 ad
661 2439 782 2502 easdem
794 2446 825 2501 et
835 2440 1006 2502 humaniter
1024 2437 1231 2519 excipiendas,
1245 2442 1277 2498 et
1289 2437 1318 2497 in
1331 2455 1368 2498 eo

219 2531 415 2614 vitagenere,
427 2536 509 2618 quod
519 2537 570 2618 pie
586 2543 746 2618 sancteque
760 2537 914 2599 instituere
932 2535 1073 2617 cupiunt,
1088 2534 1275 2613 adjuvandas
1287 2533 1368 2594 exci-

219 2636 328 2693 temus.
344 2634 417 2696 llluc
436 2636 517 2697 enim
529 2635 724 2715 cogitationes
739 2655 808 2699 suas
821 2655 926 2699 onmes
938 2642 1028 2716 atque
1050 2652 1175 2715 operam
1191 2632 1366 2709 intendunt,

219 2733 253 2787 ut
270 2747 330 2790 uua
343 2739 545 2812 congregatae,
564 2751 601 2794 ac
615 2733 672 2794 sub
689 2734 824 2814 legitima
840 2753 965 2796 suorum
978 2732 1168 2813 superiorum
1189 2729 1369 2792 auctoritato

219 2823 394 2885 constituta.
406 2825 535 2886 Domino
556 2826 698 2888 inservire
717 2828 848 2906 possint,
875 2828 963 2906 eique
976 2827 1124 2908 precipue
1144 2842 1253 2886 vacare
1273 2841 1367 2898 cura,

216 2940 311 3000 quam
327 2922 366 2982 ad
381 2922 551 2988 animarum
565 2925 708 3000 salutem,
725 2942 760 2984 ao
781 2924 835 2985 Dei
847 2925 976 3003 gloriam
995 2923 1126 2983 maxime
1148 2921 1367 2983 conductorem

217 3036 284 3078 esse
297 3023 421 3098 putant,
441 3025 475 3080 ut
493 3019 606 3085 scilicet
618 3019 770 3101 colligant,
789 3019 962 3081 custodiant
980 3025 1070 3098 atque
1086 3019 1236 3080 instruant
1250 3021 1366 3101 puellas

216 3121 248 3175 et
265 3114 404 3177 mulieres
418 3134 537 3193 omnes,
552 3133 618 3196 qua
639 3135 657 3178 a
674 3116 826 3195 judaismo
842 3122 895 3178 aut
917 3116 1094 3198 paganismo
1115 3115 1153 3177 ad
1167 3115 1367 3182 Christianam

217 3211 309 3273 fidem
322 3218 549 3293 convertuntur,
569 3215 615 3276 vel
627 3215 751 3292 ejuratis
766 3217 974 3278 haereticarum
989 3222 1140 3278 sectarum
1158 3215 1309 3277 erroribus
1328 3216 1367 3277 ad

217 3312 370 3375 catholica
387 3314 526 3376 Ecclesia
539 3319 624 3396 septa
639 3314 779 3393 veniunt,
792 3335 858 3396 quar
876 3317 900 3378 si
910 3317 1047 3378 coelibem
1063 3333 1124 3378 una
1134 3331 1240 3377 secum
1255 3315 1365 3392 vitam,

215 3417 249 3472 te
264 3412 471 3474 consentiente
487 3430 522 3474 ac
535 3411 698 3493 probante,
710 3411 821 3472 ducere
834 3414 937 3475 volent
947 3459 954 3487 ,
965 3412 1072 3474 iisdem
1082 3409 1195 3492 pariter
1205 3415 1367 3477 teneantur

218 3509 318 3590 legum
331 3510 493 3588 institutis,
507 3511 618 3591 quibus
627 3513 698 3572 Jesu
709 3510 826 3572 Christo
837 3511 868 3572 in
879 3511 985 3592 spiritu
996 3509 1131 3572 veritatis
1143 3526 1179 3570 ac
1188 3506 1367 3583 sanctitatis,

218 3608 379 3684 conjuncto
401 3607 490 3671 simul
510 3609 609 3671 studio
629 3609 823 3670 famulentur.
845 3610 906 3669 Nos
922 3608 1024 3688 itaque
1045 3612 1244 3687 propaterna
1264 3611 1368 3665 nostra

216 3703 328 3784 pietate
341 3704 373 3765 in
387 3723 440 3767 eos
458 3724 564 3768 omnes
580 3707 773 3768 vehementer
786 3705 943 3789 propensi,
961 3706 1018 3787 qui
1032 3704 1115 3766 filiali
1124 3704 1170 3765 ad
1181 3702 1368 3767 Nos-fiducia

216 3803 407 3884 confugiunt,
425 3822 470 3865 ac⁴
482 3804 630 3885 praecipue
652 3804 777 3868 animati
798 3824 869 3884 erga
882 3803 1016 3865 inclitam
1039 3801 1194 3865 nationem
1214 3805 1366 3877 vostram,

218 3919 292 3980 qna.
304 3903 446 3983 preclara
466 3919 586 3981 semper
600 3902 756 3964 catholica
773 3901 924 3982 religionis
944 3904 1121 3980 argumenta
1138 3898 1312 3978 prcselert,
1331 3917 1367 3961 so

221 3998 418 4076 apostolicam
426 3997 505 4059 hanc
514 3999 623 4073 Sedem
631 3997 831 4079 singularibus
839 3997 1007 4059 devotionis
1017 3995 1125 4058 officiis
1134 3996 1367 4071 observatam]

220 4092 312 4155 Nobis
329 4094 470 4155 mulieres
487 4093 544 4154 illa
564 4093 744 4156 modestiam
763 4094 968 4175 pietatemque
990 4111 1078 4155 suam
1099 4090 1365 4170 comprobassent,

222 4189 341 4253 easdem
353 4193 432 4273 passi
450 4210 513 4254 uon
530 4209 636 4253 sumus
649 4191 700 4252 hic
713 4195 937 4252 commorantes
950 4189 1050 4269 aliquo
1061 4187 1223 4270 pontificia
1233 4187 1367 4251 caritatis

219 4287 319 4351 fructu
332 4297 496 4367 carere,.et
515 4308 596 4351 nunc
615 4288 654 4350 ad
676 4295 706 4351 te
723 4289 884 4351 redeuntes
901 4287 1041 4368 prosequi
1057 4288 1195 4349 volumus
1209 4285 1276 4349 boc
1293 4304 1368 4348 nos-

218 4391 334 4446 trarum
349 4387 517 4448 litterarum
531 4385 719 4464 testimonio,
737 4404 846 4465 exquo
864 4384 1030 4464 intelligas,
1046 4383 1231 4447 Venerabilis
1251 4387 1366 4459 Frater,

218 4483 340 4546 easdem
358 4484 427 4563 tibi,
443 4489 533 4565 prout
543 4485 733 4565 postularunt
748 4503 765 4544 a
780 4483 872 4571 Nobis
882 4484 1073 4545 vehementer
1092 4483 1314 4576 commendari,
1335 4488 1368 4548 ut
