3188 5414
660 509 864 567 cerntrlnms
882 509 947 566 xlv

747 674 871 757 cxlx(

613 847 744 894 nttucutt
768 852 858 894 ultio
881 852 998 893 NOSTRO

391 940 394 946 ’
479 954 691 1019 anancrsco
713 953 895 1018 consano
917 955 1121 1025 casmmo,

319 1085 449 1133 aarum
472 1083 623 1133 sancta
645 1076 773 1131 namn
796 1083 843 1130 nn
865 1071 1289 1144 rorucoanaserruno·‚-
1358 1106 1362 1110 >

517 1241 522 1247 ,
565 1188 694 1253 sanare
710 1187 850 1237 souma
864 1171 1036 1246 monuere,

337 1307 339 1312 ·
403 1293 573 1341 canonum
590 1293 633 1339 ne
650 1292 752 1352 nour,
769 1291 922 1340 anscoro
938 1292 1198 1351 consumamus,

538 1396 771 1473 CLEMENS
799 1399 928 1474 ΡΑΡΑ
956 1397 1063 1474 XIV.

957 1559 1057 1626 Romu,
1073 1565 1228 1617 tdmmbris
1246 1574 1316 1620 1770.

268 1679 395 1748 Dilecta,
413 1683 468 1738 etc.
486 1677 652 1739 iucundius
673 1679 789 1743 nullum
808 1695 872 1739 esse
890 1681 990 1757 potest
1006 1676 1141 1763 officium
1162 1682 1270 1757 tuum,
1285 1690 1380 1760 quant

225 1794 286 1855 (1¹¹0
308 1775 448 1837 Ecclesiae
461 1774 613 1855 Nobisque
627 1774 790 1854 gratularis
806 1774 844 1836 de
865 1774 1067 1853 redintegrata
1080 1773 1162 1837 hisce
1175 1777 1379 1857 temporibus,-

226 1875 305 1935 inter
315 1873 609 1954 Apostolicamhanc
624 1873 743 1951 Sedcm,
758 1880 790 1936 et
806 1871 966 1935 Lusitaniae
978 1874 1117 1951 Regnum
1127 1872 1256 1954 pu'stina
1267 1893 1379 1937 neces-

225 1971 391 2032 situdinum
407 1971 544 2033 omnium
555 1971 784 2032 consuetudine.
798 1973 843 2031 Eo
852 1969 918 2051 ipso
928 1969 1073 2050 preclara
1084 1976 1137 2031 tua
1148 1988 1215 2031 esse
1230 1989 1306 2051 erga
1317 1975 1378 2036 Nos

224 2068 323 2130 studia
343 2075 470 2149 tuosque
483 2068 547 2146 jam
570 2073 658 2128 antea
681 2065 940 2146 perspectissimos
958 2064 990 2125 in
1004 2065 1146 2129 Sanctam
1165 2064 1249 2128 banc
1266 2066 1379 2133 Sedena

223 2166 439 2242 observantie.
460 2164 541 2240 fidei,
567 2183 603 2225 ac
623 2163 790 2225 devotionis
808 2181 913 2224 sensus
935 2163 992 2223 isto
1010 2160 1120 2242 gaudio
1142 2168 1207 2224 ate
1230 2175 1379 2248 percepto

224 2265 440 2344 perspectiores
462 2263 558 2325 multo
572 2262 806 2343 illustrioresque
820 2261 991 2323 declarasti.
1015 2261 1102 2335 Quod
1120 2261 1245 2342 quidem
1260 2264 1379 2342 Nouis,

225 2378 277 2438 qm
292 2359 375 2420 teob
389 2366 510 2420 tuorum
527 2359 704 2419 meritorum
723 2357 927 2438 praestantiam
944 2357 1092 2435 maiorem
1106 2357 1137 2419 in
1163 2359 1291 2422 modum
1305 2361 1381 2424 dili-

223 2455 321 2536 gimus
332 2501 340 2533 ,
352 2450 479 2537 quaque
494 2465 553 2516 ate
563 2454 794 2536 proficiscuntur
813 2454 916 2517 omnia
928 2454 1110 2536 perlibenter
1129 2456 1317 2538 excipimus,
1332 2469 1379 2523 est

222 2553 437 2632 gratissimum.
455 2553 532 2615 Illud
548 2559 650 2615 tamen
662 2560 715 2614 tua
728 2571 799 2632 erga
815 2553 881 2614 vNos
898 2551 967 2612 freti
987 2552 1099 2633 pietate
1115 2563 1133 2615 a
1147 2559 1178 2615 te
1189 2560 1379 2639 magnopere

221 2651 363 2730 petimus,
387 2658 422 2714 ut
439 2670 637 2732 quacumque
661 2671 698 2712 ex
718 2670 755 2714 eo
769 2651 851 2712 facto
870 2649 1016 2731 prodierit
1029 2651 1144 2731 gloria,
1163 2669 1232 2714 eam
1251 2671 1379 2718 omnem

220 2768 292 2813 cum
303 2750 466 2817 immortali
477 2750 642 2832 gratiarum
653 2749 742 2813 laude
760 2750 871 2812 referas
885 2749 925 2813 ad
939 2755 1094 2812 auctorem
1105 2755 1261 2827 tantorum
1279 2752 1380 2816 bono·

220 2867 290 2911 rum
309 2850 422 2927 Deum,
437 2855 468 2911 et
482 2866 680 2932 quaecumque
697 2847 790 2911 etiam
810 2846 1010 2928 imposterum
1032 2845 1194 2909 desiderari
1217 2849 1316 2929 nosti,
1337 2852 1376 2935 ab

219 2946 327 3009 eodem
343 2948 496 3029 postules,
514 2948 553 3009 ab
575 2947 700 3027 ejusque
718 2952 790 3025 erga
811 2946 872 3006 Nos
888 2942 1071 3023 benignitate
1089 2934 1277 3026 expectanda
1303 2938 1377 3011 tanss

221 3046 378 3110 tamnaco
397 3047 560 3109 existimes.
579 3047 695 3108 Nostrae
709 3046 770 3107 Nos
788 3053 868 3106 certe
886 3041 1099 3104 imbecillitatis
1121 3043 1233 3104 conscii
1251 3047 1377 3129 perspi-

221 3160 311 3204 cuam
333 3152 570 3224 praesentemque
594 3143 729 3222 ejusdcm
751 3160 842 3222 opem
863 3141 893 3202 in
916 3138 1072 3202 laboribus
1094 3142 1235 3222 curisque
1260 3145 1376 3209 uosttt's

127 3299 131 3304 ,
218 3257 275 3317 pro
287 3257 342 3299 sua
352 3241 447 3318 gloria
459 3241 605 3320 susceptis
620 3237 658 3301 ad
672 3239 809 3317 ejusdem
819 3239 1039 3302 incrementum
1052 3239 1252 3323 provehendis
1262 3249 1294 3307 ct
1307 3256 1375 3309 se'u-

219 3337 310 3400 timus
331 3344 361 3398 et
377 3339 577 3417 agnoscimus.
599 3335 784 3397 Permolesta
799 3354 890 3419 porro
905 3337 1000 3399 Nobis
1014 3339 1122 3402 accidit
1136 3360 1205 3422 quae
1218 3343 1316 3407 altera
1327 3353 1374 3409 cst

218 3433 429 3514 epistolaetuae
442 3453 525 3514 pars,
542 3451 579 3494 ex
597 3450 658 3514 qua
677 3438 708 3496 te
717 3433 807 3513 justis
825 3426 983 3498 decausis
1003 3436 1118 3527 assidue
1131 3439 1199 3520 angi
1210 3444 1374 3523 cognosci-

218 3548 300 3595 mus.
311 3536 382 3608 Quae
394 3533 515 3614 quidem
528 3551 627 3608 causae
641 3551 679 3594 ex
690 3533 797 3613 teipso
807 3534 957 3614 conjicere
966 3532 1053 3597 facile
1061 3543 1164 3616 potes,
1176 3545 1294 3619 quanta
1302 3560 1376 3605 nos-

219 3640 300 3693 trum
322 3631 456 3693 animum
473 3629 585 3693 doloris
598 3629 763 3715 acerbitate
780 3632 955 3713 percellant.
971 3633 1030 3694 Sed
1052 3652 1124 3696 curn
1141 3634 1224 3716 quod
1235 3639 1373 3702 monens

218 3729 313 3792 nostri
326 3735 389 3805 est,
399 3747 456 3809 pro
472 3734 576 3793 nostra
597 3727 656 3805 fide
670 3745 707 3810 ac
720 3726 861 3809 religione
875 3728 1025 3810 egerimus
1035 3776 1050 3809 r
1062 3750 1153 3794 omne
1172 3752 1190 3796 a
1204 3735 1267 3796 beo
1286 3737 1374 3800 sola·-

218 3846 309 3905 meu,
332 3844 368 3890 ac
381 3825 517 3888 levamen
534 3823 895 3904 tidenterexpectaudum
912 3844 977 3888 esse
992 3826 1175 3908 judicamus.
1195 3831 1283 3906 Quod
1297 3853 1373 3898 vero

218 3925 337 3988 adtuas
350 3923 489 4004 querelas
504 3920 542 3983 de
560 3921 680 3985 Salemii
694 3921 812 3985 Abbate
827 3923 967 4006 pertinet,
979 3927 1274 3993 earumdemcausas·
1286 3931 1372 3995 brevi

217 4024 280 4085 tolli
295 4041 384 4104 posse
392 4038 459 4089 non
476 4020 650 4084 diffidimus.
669 4020 804 4084 Allaturn
819 4023 900 4085 enim
915 4023 955 4085 ad
968 4026 1030 4087 Nos
1046 4032 1091 4087 est
1105 4025 1203 4108 ipsum
1215 4028 1373 4094 Abbatem

216 4120 435 4205 controversias
449 4137 555 4183 omnes
569 4119 667 4183 arnica
680 4119 860 4182 tractatione
874 4114 975 4185 tecum
986 4141 1168 4205 componere
1178 4125 1272 4205 velle,
1285 4146 1374 4191 com-

218 4219 473 4300 paratumqueita
490 4237 567 4296 esse,
585 4226 619 4280 ut
636 4218 838 4282 ineundorum
850 4226 957 4282 mutuo
971 4221 1207 4285 conventionum
1226 4225 1373 4307 equitate

217 4334 339 4394 prorsus
353 4319 536 4401 acquiescat.
559 4317 889 4399 ltlinimedubitamus,
909 4319 983 4399 quin
1001 4326 1034 4382 tu
1042 4367 1052 4400 ,
1066 4319 1173 4384 dilecte
1188 4322 1231 4397 fili
1244 4322 1371 4405 'noster,

115 4466 117 4470 .
216 4433 317 4495 aquas
330 4418 455 4480 daturus
467 4418 544 4479 ultro
557 4417 597 4480 sis
610 4422 849 4501 accepturusque
859 4415 1064 4497 conditiones,
1075 4425 1108 4480 ut
1118 4437 1188 4481 eum
1199 4419 1229 4481 in
1240 4422 1372 4509 modum

218 4531 321 4575 omnes
341 4514 395 4576 illae
415 4516 537 4578 tandem
551 4517 761 4579 controversiae
778 4514 980 4596 molestiaeque
999 4523 1057 4579 tuae
1070 4517 1109 4580 de
1127 4517 1226 4580 medio
1243 4518 1374 4600 prorsus
