3188 5414
180 524 182 528 “
232 522 281 572 tbi
660 517 862 574 CLEMENTIS
878 518 943 572 XIV

230 623 324 685 toiicae
336 622 419 684 Sedis
433 622 574 684 ordinarii
589 622 685 684 nuntii
707 623 786 703 apud
799 629 828 684 te
841 640 952 684 munus
965 625 1106 702 peragat,
1121 624 1210 701 atque
1226 619 1271 681 ita
1286 637 1382 700 pera-

228 726 295 800 gat,
309 727 343 782 ut
360 721 540 801 singularem
555 727 692 783 nostrum
705 722 775 801 erge
791 727 820 782 te
832 739 966 783 amorem
977 720 1032 782 tibi
1046 720 1153 782 indies
1166 720 1379 798 testationem,

228 823 258 878 et
279 825 415 880 mutuam
432 819 508 881 inter
522 837 579 880 nos
591 820 832 899 cunjunctionem
851 819 977 882 assiduis
990 818 1097 884 officiis
1112 837 1147 881 ac
1161 818 1272 881 studiis
1283 838 1380 882 cons

227 914 391 977 trictionem
403 915 503 977 faeiat.
521 915 608 977 ilium
618 922 651 977 ut
663 916 701 978 ad
714 923 744 978 te
754 917 929 997 adeuntem,
943 937 1004 999 qua
1024 918 1101 980 soles
1117 918 1189 998 regii
1210 917 1307 980 animi
1325 925 1379 980 tua

226 1010 413 1089 humilitate,
427 1030 463 1074 ac
471 1012 655 1092 benignitate
667 1012 797 1094 excipias
805 1060 813 1092 ‚
827 1013 912 1094 eique
924 1013 1014 1075 rebus
1023 1012 1054 1074 in
1065 1012 1206 1075 omnibus
1216 1011 1311 1074 iidem
1323 1012 1378 1074 ba-

228 1108 298 1170 beas
310 1109 436 1190 proinde
450 1128 486 1171 ac
506 1109 529 1170 si
543 1115 643 1170 tecum
657 1116 816 1191 presentes
838 1112 899 1172 Nos
919 1109 975 1191 ipsi
994 1127 1160 1190 ageremus,
1179 1127 1198 1170 u
1217 1110 1377 1193 Itinjestatc

225 1208 290 1267 Tua
298 1207 445 1286 majorem
458 1206 489 1267 in
501 1205 626 1267 modum
636 1207 776 1287 petimus.
790 1209 865 1270 Cum
879 1215 983 1269 nostra
994 1225 1086 1268 causa
1096 1212 1126 1267 te
1134 1205 1163 1266 id
1175 1206 1376 1269 libentissime

224 1321 280 1381 pro
289 1309 342 1364 tua
355 1303 385 1365 in
398 1305 459 1367 Nos
470 1302 580 1388 pietate
591 1303 741 1367 facturum
751 1304 947 1382 confidimus,
960 1310 1025 1366 tum
1038 1303 1312 1385 plurimumetiam
1324 1303 1375 1364 dn·

224 1406 323 1461 turam
333 1418 393 1462 non
407 1400 580 1466 dubitamus
591 1401 800 1487 prestantibus
817 1401 927 1482 egregii
938 1401 992 1464 uiri
1004 1400 1129 1479 meritis,
1141 1400 1193 1481 qui
1207 1400 1246 1462 ad
1255 1401 1374 1480 generis

198 1516 199 1520 ¹
223 1495 390 1561 claritatem
399 1496 524 1559 eximias
536 1498 628 1560 animi
642 1497 739 1576 dotes,
751 1497 901 1578 religionis
913 1497 1057 1576 studium,
1066 1497 1269 1578 integritatem
1277 1542 1287 1575 ‚
1300 1516 1373 1578 pru-

131 1665 132 1668 ,
224 1592 374 1672 dentiam,
390 1593 482 1656 fidem
499 1595 643 1676 adjungit.
667 1597 734 1657 Huc
752 1596 867 1657 accedit
881 1595 1039 1676 singularis
1058 1595 1123 1674 ejus
1145 1613 1180 1656 ac
1203 1593 1371 1657 domestica

223 1689 304 1768 iaus,
326 1709 391 1771 qua
411 1691 610 1753 aclarissimo
624 1691 688 1754 viro
704 1699 820 1774 tuaque
843 1694 1001 1756 Catholicae
1014 1696 1126 1755 Domus
1149 1691 1370 1754 studiosissimo

221 1793 331 1867 patruo
359 1807 413 1850 suo
430 1795 586 1870 tamquam
608 1790 750 1870 preclara
768 1791 924 1853 hareditas
945 1797 989 1874 est
1008 1789 1059 1852 illa
1075 1787 1202 1873 tradita,
1227 1787 1368 1852 nimum

221 1903 294 1964 erga
314 1887 501 1965 Majestatem
520 1888 617 1948 Tuam
631 1886 758 1949 mirifica
778 1885 967 1949 observantia
981 1892 1071 1966 atque
1087 1885 1203 1962 cultus,
1220 1902 1318 1965 quam
1332 1884 1368 1946 ob

221 1999 286 2043 rem
304 1982 357 2044 tibi
381 1983 473 2046 etiam
499 1983 629 2060 eundem
651 1983 980 2045 commendatissimum
1005 1989 1095 2063 atque
1121 1981 1367 2062 acceptissimum

221 2079 284 2142 iore
296 2081 488 2159 arbitramur,
500 2099 605 2143 verum
616 2099 812 2163 quecumque
825 2081 897 2162 regii
911 2080 1068 2162 patrocinii
1083 2099 1118 2143 ac
1128 2079 1243 2144 favoris
1259 2079 1368 2143 indicia

222 2179 275 2240 abs
289 2186 319 2241 te
332 2180 373 2242 iili
386 2179 496 2242 tuerint
515 2180 665 2262 prestita,
680 2180 787 2243 eadem
806 2180 900 2242 Nubis
914 2179 1084 2260 gratissime
1098 2180 1202 2242 futura
1221 2185 1368 2259 tanquam

221 2277 264 2336 tui
284 2277 314 2338 in
328 2278 389 2339 Nos
401 2278 512 2340 amoris
527 2270 702 2358 argumenta
713 2279 774 2340 Nos
786 2283 977 2358 reputaturos
986 2277 1175 2358 profitemur.
1188 2278 1228 2337 Et
1238 2282 1369 2357 paterna

221 2377 328 2434 nostrae
346 2391 470 2434 summa
484 2392 554 2454 erga
567 2381 597 2435 te
617 2373 751 2436 caritatis
771 2374 895 2455 pignus,
917 2393 952 2436 ae
966 2374 1128 2437 caeiestium
1147 2373 1368 2438 beneficiorum

221 2470 373 2550 auspicem
396 2470 592 2551 apostolicam
611 2470 851 2533 benedictionem
874 2470 944 2550 tibi,
968 2472 1121 2534 carissime
1141 2470 1173 2532 in
1190 2469 1313 2532 Christo
1330 2469 1368 2531 iiii

220 2575 331 2646 noster,
347 2575 464 2650 tuaeque
481 2568 568 2649 regiae
574 2567 694 2632 familia
703 2567 810 2630 intimo
821 2569 920 2631 cordis
931 2570 1025 2632 nostri
1037 2569 1146 2632 affectu
1158 2569 1369 2635 amantissime

219 2665 418 2746 impertimur.
444 2669 554 2728 Dotem
574 2669 685 2745 Roma,
699 2666 782 2745 opud
799 2667 832 2726 S.
855 2668 985 2728 Mortem
997 2669 1156 2745 Maiorem,
1177 2668 1233 2728 aab
1253 2671 1370 2731 annoto

217 2767 384 2842 piscatoris,
405 2765 454 2825 die
474 2776 511 2855 2⁸
532 2770 654 2844 enpanti
673 2766 971 2842 trra,pontffleotos
985 2769 1078 2827 nostri
1094 2783 1174 2826 anno
1188 2769 1310 2852 quinto.

702 2896 883 2911 -νμ-

689 3005 889 3077 ccxxxiii.
943 3069 946 3077 .

469 3163 639 3206 cauis-amo
661 3164 696 3204 ln
719 3117 855 3205 cmm*
875 3162 961 3205 mlo
985 3161 1103 3204 boscno

344 3254 527 3338 ulmeam
547 3279 708 3339 numm
729 3277 924 3340 sanorum
944 3277 1038 3338 anm
1058 3276 1234 3338 innosrm

531 3399 763 3479 CLEMENS
791 3403 919 3481 PAPA
946 3403 1052 3481 XIV.

948 3555 1044 3612 Romae,
1061 3553 1200 3614 coangusti
1216 3555 1288 3603 1772.

260 3648 431 3716 Carissimo,
453 3651 510 3708 etc.
526 3644 588 3707 Etsi
608 3647 757 3725 Maiestati
777 3650 849 3710 Tuae
871 3648 902 3709 in
925 3648 997 3729 ipsis
1018 3648 1100 3728 regni
1120 3647 1230 3726 initiis,
1252 3647 1367 3729 quibus

217 3742 347 3805 maxime
358 3740 511 3822 potuimus
522 3741 789 3822 significationibus
800 3744 902 3824 palam
911 3743 1086 3823 fecerimus,
1098 3762 1192 3825 quam
1201 3743 1368 3825 singudaria

217 3841 276 3902 sint
294 3844 396 3901 nostra
418 3837 449 3899 in
469 3844 498 3900 te
513 3839 629 3918 studia,
650 3847 822 3922 quantoque
843 3841 935 3903 animi
958 3841 1064 3904 ardore
1083 3841 1137 3903 tibi
1160 3859 1309 3922 prospera
1331 3861 1367 3903 nc

217 3936 433 4001 secundissima
448 3937 549 4000 omnia
565 3957 583 4000 a
602 3941 664 4001 Deo
677 3938 892 4020 deprecemur,
914 3944 1016 4000 tamen
1028 3957 1064 4000 ea
1077 3944 1123 4000 est
1141 3943 1250 3999 nostra
1262 3937 1301 3999 de
1314 3956 1368 3999 re-

213 4035 335 4117 ligione,
345 4033 503 4116 sapientia,
516 4036 680 4118 ceterisque
689 4036 777 4117 regiis
789 4036 949 4100 virtutibus
957 4036 1016 4099 tuis
1028 4036 1141 4118 opinio,
1157 4053 1193 4097 nc
1204 4041 1368 4115 tantopere

117 4134 120 4140 '
216 4139 317 4194 noster
332 4130 401 4192 inde
418 4129 588 4212 proiectus,
607 4138 697 4214 atque
719 4123 834 4213 erga'te
852 4139 958 4195 auctus
970 4139 1015 4195 est
1032 4150 1127 4211 amor,
1143 4138 1178 4193 ut
1191 4131 1333 4194 obtinere
1349 4151 1368 4193 a

197 4232 199 4237 '
215 4221 308 4290 Nobis
330 4227 402 4310 ipsis
421 4227 503 4289 nullo
517 4226 608 4289 modo
622 4228 792 4310 valeamus,
807 4230 880 4309 quin
899 4230 1031 4293 caritatis
1051 4238 1160 4293 nostrae
1174 4230 1368 4310 magnitudi-

216 4347 298 4406 nem,
311 4327 336 4388 si
347 4327 446 4389 minus
460 4325 608 4408 explicare
624 4327 696 4391 satis
707 4346 886 4410 possumus,
898 4328 1083 4390 testatiorem
1099 4333 1180 4389 certe
1194 4325 1298 4406 aliqua
1316 4325 1367 4388 oi-

216 4424 276 4489 ficii
291 4424 539 4506 redintegratione
549 4423 704 4488 faciamus.
720 4427 827 4489 Patere
839 4425 958 4506 itaque,
974 4425 1127 4487 carissime
1144 4424 1175 4485 in
1187 4423 1310 4486 Christo
1322 4423 1365 4485 fiii

216 4528 317 4591 noster
323 4567 332 4600 ,
341 4527 373 4581 ut
388 4527 514 4602 patemo
526 4528 589 4586 tam
599 4521 707 4584 eximio
720 4521 750 4583 in
763 4529 792 4584 te
805 4522 905 4585 animo
917 4541 1032 4585 morem
1041 4521 1271 4604 quodammodo
1281 4540 1367 4587 nuuc
