3188 5414
227 532 261 578 82
656 521 857 590 clientulis
876 521 942 574 XlV

228 632 314 708 longe
341 627 504 693 maximam
529 626 635 688 merito
661 626 820 706 pertinere.
847 626 959 705 Duplex
983 623 1129 704 siqnidem
1151 625 1244 686 nostri
1267 626 1371 706 gaudii

228 744 319 787 rausa
342 724 492 804 duplicem
515 723 587 786 item
609 741 626 785 a
649 722 741 785 Nobis
761 721 852 783 officii
877 720 1115 802 perfunctionem
1140 723 1296 801 exposcit,
1319 744 1372 786 cur

227 823 307 886 enim
330 840 390 884 non
411 821 466 884 tibi
488 821 580 885 etiam
605 820 729 885 mirifice
751 820 947 899 gratulemur,
969 837 1039 880 mm
1061 818 1101 879 ad
1123 836 1201 880 vera
1219 821 1372 900 sapientie

227 930 366 984 normam
376 940 442 983 rem
452 920 625 1002 expendens
637 937 700 982 non
709 919 808 981 sottum
823 917 969 998 optimam
982 935 1048 979 esse
1057 921 1175 996 partem
1189 916 1300 997 aregia
1310 918 1371 979 tilia

229 1013 418 1081 tua'elertam
431 1017 551 1094 videris,
562 1016 715 1079 sedetiam
728 1018 808 1096 (quo
819 1032 1010 1094 summopere
1019 1013 1160 1076 delectati
1168 1015 1304 1093 summ),
1314 1015 1372 1076 siu-

215 1115 363 1194 gularem
380 1114 584 1195 prestantium
596 1119 629 1174 ot
648 1110 801 1174 christiani
817 1109 909 1172 animi
923 1108 1161 1190 magnitudinem
1172 1108 1275 1190 reipsa
1292 1127 1372 1190 pra-

229 1210 348 1275 tnletis‘l
357 1211 435 1273 Nam
443 1208 498 1273 etsi
508 1228 564 1290 pro
572 1208 689 1269 eximiis
702 1206 780 1269 illius
792 1205 913 1267 dotibus
926 1205 1114 1267 carissimam
1125 1202 1223 1285 ipsam
1233 1202 1372 1279 haberes,

217 1306 440 1387 agemusque
459 1313 521 1367 ate
536 1304 635 1367 divelli
655 1304 764 1380 ferres,
787 1303 903 1365 exorari
922 1309 1023 1365 tamen
1040 1320 1150 1383 passus
1168 1319 1218 1378 es,
1244 1301 1372 1381 ejusque

217 1402 380 1482 religionis
392 1408 483 1482 atque
493 1420 566 1481 erga
576 1404 671 1463 Deum
682 1400 801 1480 pietatis
816 1399 947 1463 rationes
965 1417 1084 1462 summo
1104 1398 1210 1476 amori,
1227 1404 1259 1460 ot
1271 1416 1375 1461 ueces-

219 1497 351 1570 situdini
359 1515 431 1577 erga
441 1497 523 1558 illam
536 1504 595 1558 tue
607 1495 829 1575 anteponendas
844 1513 911 1558 esse
919 1495 1107 1558 existimasti.
1125 1498 1225 1576 Atque
1235 1495 1287 1556 illa
1300 1510 1374 1557 sane

230 1593 270 1655 ab
279 1593 473 1668 hishumauae
487 1593 552 1655 vitae
569 1590 708 1654 fluctibus
717 1608 754 1653 ao
766 1591 905 1672 periculis
919 1592 949 1653 iu
965 1591 1242 1673 tranquillissimam
1254 1591 1375 1654 virtutis

231 1709 266 1752 ac
279 1678 446 1760 summitatis
459 1689 620 1751 stationem
631 1687 805 1768 confugiens
817 1687 987 1769 expeditam
997 1689 1054 1751 sibi
1066 1688 1105 1750 ad
1118 1688 1290 1751 immortale
1301 1688 1376 1753 illud

220 1784 352 1863 celenis
360 1784 468 1857 Patria
484 1802 609 1865 reguum
624 1785 704 1846 riam
719 1784 853 1865 aperuit,
866 1803 902 1846 ac
915 1784 1067 1865 egregium
1080 1785 1256 1864 exemplum
1267 1784 1374 1847 cemris

220 1879 312 1961 ‚dedit
332 1879 484 1958 omnibus,
502 1898 595 1961 quam
617 1880 731 1958 inanes,
749 1879 868 1960 fragiles
885 1897 920 1940 ac
935 1878 1066 1958 fugaces,
1085 1895 1239 1958 quamque
1253 1895 1310 1958 pro
1331 1876 1376 1939 ni-

231 1977 292 2039 hilo
304 1975 477 2058 reputanda
494 1977 554 2040 sint
574 1994 679 2040 omnes
698 1976 788 2056 huius
804 1977 907 2038 mundi
923 1975 1047 2054 delicia,
1061 1993 1146 2057 opas,
1162 1973 1377 2055 amplitudines

230 2093 292 2157 prat
307 2079 424 2137 aterna
434 2074 534 2154 glorie
551 2073 707 2152 felicitate,
719 2080 750 2136 et
762 2091 855 2154 quam
869 2072 982 2136 eaedem
998 2071 1226 2135 luctuosissima
1240 2071 1377 2135 miseria-

169 2236 173 2246 ,
193 2207 198 2213 ·
223 2189 300 2235 ¹rum
309 2168 648 2235 acmalommomnium
657 2189 756 2233 causae
766 2188 830 2233 esse
840 2170 967 2252 possint,
977 2169 1001 2231 si
1011 2169 1105 2232 beata
1114 2169 1156 2235 illi
1165 2169 1377 2250 campmandn

222 2269 385 2349 ,ammimti
405 2269 654 2350 impedimentum
675 2268 812 2331 offerant.
840 2267 899 2330 Sed
918 2267 1037 2330 cumin
1054 2265 1236 2348 perficiendo
1251 2266 1379 2348 egregie

231 2366 298 2447 tilia
312 2373 370 2427 tute
383 2365 507 2427 consilio
529 2372 594 2427 tarn
609 2383 724 2446 magna
742 2371 842 2445 partes
855 2364 1017 2445 laudesque
1038 2371 1096 2427 tuae
1109 2364 1187 2442 sint,
1205 2363 1333 2427 minime
1348 2371 1379 2425 te

223 2471 313 2529 ‚certe
327 2481 461 2542 unquam
473 2462 618 2544 poenitere
637 2460 763 2543 poterit,
777 2462 859 2543 quod
876 2461 1048 2542 hujusmodi
1063 2460 1248 2543 indulgentia
1263 2468 1315 2522 tua
1325 2461 1380 2523 de

231 2557 375 2638 religione
388 2559 607 2640 tamlpraclare
624 2559 731 2622 mereri
749 2559 888 2637 volueris,
908 2577 979 2621 cum
993 2559 1039 2623 vel
1053 2559 1165 2622 idcirco
1179 2558 1218 2622 de
1237 2558 1381 2640 omnipo

232 2654 321 2739 tentis
331 2655 384 2719 Dei
402 2673 474 2735 erga
486 2663 516 2717 te
527 2654 709 2734 benignitate
724 2655 874 2719 confidere
886 2656 1049 2737 plurimum
1062 2650 1173 2735 valeas,
1188 2663 1218 2718 et
1232 2662 1380 2736 praterea

231 2754 375 2819 eximium
388 2754 443 2817 tibi
460 2753 683 2835 comparaveris
700 2753 871 2835 prasiditmx
889 2755 919 2815 in
937 2753 1065 2817 assiduis
1077 2753 1383 2832 amantissimae-gra-

233 2852 413 2933 tissimeque
434 2871 505 2932 erga
525 2858 555 2912 te
578 2850 646 2912 llliae
665 2851 869 2928 orationibus,
889 2869 955 2931 quae
981 2857 1066 2915 tuam
1090 2850 1205 2931 regiam
1226 2851 1381 2927 Domum,

233 2957 380 3034 tuumque
405 2951 576 3013 uuiversum
598 2969 740 3030 regnum,
766 2952 818 3013 sed
841 2951 989 3033 precipue
1010 2958 1040 3012 te
1063 2957 1178 3031 tueque
1201 2948 1307 3011 anime
1329 2951 1382 3012 in-

232 3052 458 3127 columitatem,
485 3050 568 3131 quod
590 3058 643 3112 tua
663 3050 793 3113 maxime
814 3050 956 3113 interesse
977 3049 1083 3122 debet,
1109 3047 1226 3109 Christo
1246 3049 1382 3110 Domino

233 3146 444 3208 commendare
456 3166 519 3208 nou
542 3147 727 3208 intermittet.
744 3146 906 3224 Religionis
923 3152 981 3207 tua
1000 3163 1035 3205 ac
1058 3143 1208 3224 sapientie
1222 3142 1296 3219 erit,
1319 3143 1383 3203 Ca-

232 3243 350 3304 rissimo
370 3246 400 3305 iu
421 3245 537 3306 Christo
555 3244 599 3304 llll
617 3252 730 3319 noster,
748 3250 832 3303 ut-ox
848 3242 1021 3322 hujusmodi
1037 3256 1156 3303 summo
1170 3239 1292 3321 optimae
1309 3239 1382 3301 titia

233 3338 342 3400 tuedo
362 3347 392 3400 te
406 3339 507 3402 studio
516 3357 619 3402 veram
639 3358 675 3401 ac
693 3340 820 3405 solidam
831 3341 1013 3419 utilitatem,
1032 3346 1093 3406 Deo
1109 3343 1234 3420 iuvante
1251 3340 1382 3422 ejusque

234 3436 403 3518 adspirante
411 3438 508 3518 gratia
519 3439 722 3520 consequaris.
730 3442 846 3503 Interea
856 3441 1090 3504 luculentissima
1098 3441 1161 3502 hac
1173 3445 1263 3520 atque
1274 3456 1313 3499 ex
1325 3456 1383 3519 pa·

233 3543 318 3596 terna
331 3536 483 3597 voluntate
496 3535 676 3617 deprompta
690 3555 760 3616 erga
773 3536 960 3616 Maiestatem
972 3540 1069 3600 Tuam
1080 3537 1180 3600 ollicia
1195 3555 1232 3598 eo
1245 3535 1382 3617 excipias

234 3633 334 3694 animo
348 3633 497 3714 cupimus,
516 3641 550 3697 ut
572 3635 610 3695 ab
625 3635 831 3697 amantissimo
847 3635 909 3712 tui,
930 3643 1046 3716 tuaque
1057 3636 1157 3716 glorie
1176 3653 1211 3696 ac
1223 3650 1300 3695 vere
1314 3632 1379 3695 leli·

231 3731 331 3806 citatis
349 3730 472 3812 perinde
486 3751 521 3794 ac
538 3748 599 3794 sun
613 3732 807 3813 cupidissimo
819 3731 955 3813 prolecta
973 3751 1038 3795 esse
1054 3732 1216 3795 existimes.
1236 3729 1326 3805 Quod
1346 3739 1381 3791 ut

232 3827 482 3909 tihipersuadaas
498 3829 609 3909 magis,
628 3829 658 3890 in
672 3828 832 3909 pontificia
845 3828 1003 3908 singularis
1020 3829 1154 3892 caritatis
1166 3833 1378 3908 argentomum

232 3925 428 4007 apostolicam
436 3925 677 4005 benedictionem
685 3925 755 4003 tibi,
765 3926 923 3989 carissime
933 3927 965 3989 in
973 3928 1091 3991 Christo
1098 3927 1141 3990 fili
1150 3933 1265 4004 noster,
1275 3940 1379 3991 unan-

232 4026 345 4087 tissimc
359 4024 556 4109 impertimur.
570 4028 681 4088 mium
697 4026 810 4094 Rome,
821 4033 891 4102 eta,
904 4025 954 4086 dio
967 4036 985 4086 9
997 4029 1074 4102 maii
1087 4037 1176 4101 tito,
1184 4025 1378 4103 mammas·

233 4129 327 4197 tamiri
339 4127 540 4203 onnoprinto.
1339 4140 1344 4165 ·=

713 4293 895 4304 u——n—
