3188 5414
186 469 192 482 ⁰
243 504 292 553 rso
670 500 870 553 enauimus
891 499 957 552 xiv

240 603 398 678 solvimus,
413 622 448 664 ac
459 603 523 679 jam
547 602 722 664 inchoatum
741 602 799 663 lroc
819 601 999 662 beneficium
1017 619 1106 662 suum
1116 646 1124 678 ,
1140 601 1225 683 eique
1242 602 1390 664 subnixas

239 719 306 781 spes
327 707 461 784 nostras,
474 706 507 762 ut
520 699 716 761 fortunatiorc
728 686 886 779 'compleat
900 709 1022 780 semper¹
1037 716 1073 760 ac
1092 698 1228 779 perficiat
1240 699 1340 779 exbu,
1354 719 1389 762 co

240 798 345 859 ardore
358 805 388 860 et
405 798 518 878 precati
539 816 644 860 sumus
665 804 696 858 et
709 798 824 878 precari
845 796 1280 877 numquamintermittemus,
1295 815 1387 878 quem

140 883 144 890 ’
239 896 356 958 animus
377 903 478 959 noster
496 915 603 977 capere
619 896 698 958 intra
716 914 763 974 se,
787 904 818 958 et
838 897 990 961 continere
1007 899 1174 960 niaximum
1192 905 1300 978 potest.
1318 900 1353 961 ld
1372 919 1389 963 a

238 994 329 1055 Nobis
344 1000 375 1055 et
394 995 493 1074 Regiae
513 999 572 1055 tuae
591 997 704 1055 Domus
720 995 886 1075 amplitudo
907 1013 943 1056 ac
963 995 1109 1075 dignitas,
1128 1002 1159 1058 et
1180 1002 1307 1059 tuorum
1325 999 1392 1060 nc·-

237 1108 365 1170 gnorum
376 1093 618 1173 populorumque
630 1091 766 1168 felicitas,
782 1103 812 1154 et
826 1093 919 1174 ipsius
931 1093 1023 1155 Nobis
1035 1114 1053 1155 a
1065 1097 1127 1155 Deo
1141 1094 1311 1157 commissa
1325 1097 1387 1157 Ee-

236 1190 332 1251 clesie
354 1189 449 1267 ratio,
476 1197 565 1271 atque
584 1190 698 1252 utilitas
716 1190 909 1252 vehementer
930 1191 1080 1272 exposcit,
1105 1190 1159 1252 sed
1182 1192 1333 1270 majorem
1356 1192 1385 1254 in

235 1288 360 1349 modum
366 1307 537 1350 excrescere
548 1288 607 1349 hoc
614 1288 890 1349 officiumnostrum
898 1294 988 1368 atque
996 1287 1172 1369 amplificari
1181 1288 1329 1351 sentimus
1336 1288 1386 1351 illa

237 1385 374 1447 immensi
396 1386 507 1447 amoris
527 1385 750 1464 magnitudine,
765 1403 826 1464 qua
849 1384 948 1446 allecti
972 1403 1043 1464 erga
1057 1392 1087 1447 te
1109 1404 1230 1461 sumuS,
1250 1404 1313 1466 qua
1333 1392 1386 1448 tua

185 1477 188 1491 '
236 1484 338 1544 omnia
352 1482 476 1563 perinde
494 1501 529 1542 ac
551 1488 656 1543 nostra
669 1481 908 1561 complectimur,
922 1500 1042 1562 quaque
1063 1483 1095 1545 in
1114 1490 1142 1544 te
1157 1482 1275 1559 studia,
1296 1489 1383 1559 vota,

233 1601 316 1661 spes,
324 1581 527 1659 iucunditates
537 1625 545 1654 ,
557 1598 592 1640 ac
602 1577 833 1640 necessitudines
844 1585 962 1639 nostras
974 1597 1011 1640 ex
1025 1580 1193 1641 certissimo
1209 1579 1312 1641 animo
1328 1579 1384 1641 de-

233 1685 315 1740 creto
323 1678 441 1757 jamdiu
453 1676 675 1738 collocavimus.
690 1677 786 1749 Quam
796 1683 904 1736 nostra
912 1682 1014 1736 tecum
1025 1677 1156 1757 pietatis,
1167 1683 1257 1757 atque
1271 1678 1383 1757 amoris

234 1776 476 1854 conjunctionem
495 1791 677 1852 magnopere
693 1771 842 1852 cupimus,
856 1772 1010 1834 carissime
1025 1773 1057 1834 in
1068 1773 1184 1835 Cluisto
1203 1773 1246 1835 fili
1266 1782 1380 1851 noster,

232 1873 289 1933 hac
299 1872 390 1933 ctiam
397 1871 474 1932 tanti
484 1870 555 1932 boni
566 1869 791 1950 opportunitate
799 1869 971 1950 propiorem
980 1856 1381 1952 uuodnmmodo,multoque

234 1969 454 2030 adstrictiorem
479 1968 554 2029 lieri.
576 1969 658 2029 Ate
682 1968 782 2048 itaque
801 1969 993 2030 vehementer
1013 1968 1162 2049 petimus,
1181 1974 1215 2029 ut
1236 1968 1320 2031 ultro
1343 1968 1381 2030 li-

231 2066 364 2146 bensque
375 2071 475 2127 ratum
485 2063 584 2126 lacere
592 2064 664 2126 velis
673 2064 853 2127 desiderium
866 2065 941 2142 hoc,
961 2084 1022 2146 quo
1032 2064 1209 2146 flagramus,
1221 2071 1257 2126 ut
1267 2065 1380 2128 scilicet

230 2164 356 2243 Regium
370 2162 528 2239 Infantem,
546 2180 636 2240 quem
654 2163 684 2222 in
696 2163 770 2223 tanti
782 2163 912 2224 nominis
926 2163 1078 2243 Regnique
1095 2181 1180 2243 spem
1193 2162 1331 2242 genitum
1345 2163 1378 2223 iri

229 2262 409 2322 confidimus
429 2279 465 2322 ac
484 2264 581 2322 Deum
596 2248 805 2323 ⁸ardentissime
827 2279 984 2339 rogamus,
1006 2261 1037 2322 in
1059 2259 1204 2341 spirituali
1224 2278 1380 2340 regenera-

229 2359 312 2418 tione
324 2377 378 2438 per
393 2360 454 2419 Nos
464 2358 544 2438 ipsos
561 2357 771 2437 suscipiamus,
787 2377 823 2419 ac
834 2357 874 2419 ad
886 2359 1021 2420 Parentis
1037 2359 1188 2431 animum,
1203 2376 1297 2438 quem
1315 2377 1379 2438 ges

230 2454 288 2514 turi
305 2454 334 2514 in
348 2473 418 2515 eum
433 2473 549 2532 sumus,
569 2455 681 2516 Patrini
694 2455 785 2517 ctiam
797 2473 973 2536 personam,
987 2475 1022 2516 ao
1041 2474 1151 2518 munus
1165 2455 1375 2536 adjungamus.

228 2551 292 2611 Hac
304 2567 382 2611 nova
398 2556 506 2612 nostre
517 2550 731 2612 confirmandae
747 2550 972 2614 necessitudinis
982 2553 1098 2615 ratione
1114 2555 1175 2616 Nos
1187 2551 1315 2616 mirilioe
1329 2554 1377 2616 lae·

227 2649 370 2724 labimur,
391 2668 409 2710 a
429 2653 549 2730 Deoque
563 2651 628 2729 ipso
646 2650 733 2710 enixe
751 2650 988 2730 postulabimus,
1008 2660 1042 2713 ut
1061 2652 1189 2713 eandem
1208 2652 1256 2713 ille
1272 2653 1378 2735 auspi-

226 2751 326 2805 catam
340 2764 406 2806 esse
421 2746 502 2823 velit,
515 2764 633 2826 sueque
647 2747 677 2807 in
690 2753 719 2807 te
729 2792 737 2824 ,
749 2753 879 2826 tuosque
896 2748 1018 2810 Liberos
1030 2749 1224 2828 benignitatis
1238 2756 1378 2812 constan-

225 2843 306 2903 tibus
318 2861 353 2904 ac
362 2844 513 2923 perpetuis
526 2844 642 2907 indiciis
653 2846 842 2925 comprobet.
858 2847 934 2906 Eam
952 2846 1121 2908 uberiorem
1135 2845 1235 2908 adhuc
1246 2847 1312 2908 lieri
1323 2866 1376 2929 per

225 2940 422 3020 apostolicam
437 2941 678 3004 benedictionem
687 2943 836 3023 cupimus,
855 2961 948 3024 quam
958 2943 1118 3005 Catholicae
1130 2944 1279 3023 Majestati
1291 2946 1373 3021 Tuae,

224 3037 325 3116 Regiis
339 3038 471 3113 Liberis,
489 3040 691 3120 universeque
710 3039 872 3102 carissimae
893 3041 980 3102 nobis
1002 3041 1112 3121 Domui¹
1130 3041 1238 3103 intimo
1256 3043 1374 3123 paterni

226 3133 318 3193 animi
335 3152 424 3196 sensu
448 3137 653 3198 amantissime
677 3136 878 3216 impertimur.
899 3139 1009 3200 Datum
1024 3140 1136 3208 Romoe,
1159 3140 1209 3200 die
1232 3152 1268 3202 20
1287 3143 1375 3218 junii

226 3239 295 3288 titt
304 3276 312 3306 ,
324 3235 516 3309 pontificatur
529 3238 625 3295 nostri
641 3252 720 3292 cono
731 3238 830 3293 tertio.

707 3355 889 3365 .-————.

721 3406 860 3564 curru.

629 3618 816 3662 venenantur
841 3621 952 3663 FRATRI

337 3719 507 3781 ANTONIO
528 3723 699 3785 Eudamo
720 3727 1022 3792 ARCHIEPISCOPO
1044 3732 1246 3804 EPHllSlNO,

261 3847 434 3909 oupruamo
450 3848 570 3897 uosrno
587 3849 626 3896 ur
642 3849 845 3899 arosromne
862 3853 950 3902 sams
968 3857 998 3903 m
1014 3858 1176 3907 annulum
1190 3858 1327 3921 nunno,

526 3956 758 4036 CLEMENS
788 3962 916 4038 Para
944 3965 1050 4042 XlV.

970 4115 1067 4174 Romae,
1084 4122 1111 4163 22
1126 4115 1187 4176 junii
1203 4120 1269 4166 177t.

261 4213 459 4283 Venerabilis,
481 4219 538 4272 etc.
550 4214 792 4275 Transmittimus
809 4214 1066 4292 tibi,Venerabilis
1080 4219 1195 4295 Frater,
1207 4220 1367 4301 Apostoli7

217 4325 268 4367 cas
284 4308 311 4369 in
324 4309 421 4372 forma
434 4310 534 4371 brevis
548 4310 663 4376 litteras
680 4318 799 4374 nostras
808 4359 816 4390 ,
835 4332 911 4392 quas
930 4314 1099 4392 singulatim
1115 4316 1153 4376 ad
1170 4317 1366 4379 Venerabiles

216 4405 333 4465 Fratres
349 4408 527 4488 Episcopus,
547 4427 633 4469 suam
647 4410 854 4490 Episcopalem
873 4411 1024 4472 sedemac
1044 4413 1194 4476 dioecesim
1213 4416 1364 4477 constitu-

216 4508 278 4562 tam
288 4502 430 4567 habentes
437 4507 467 4567 in
479 4505 874 4588 iisextraltaliamlocis,qui
883 4510 1068 4590 Austriaeque
1076 4511 1345 4590 ditionisubjaceut
1351 4539 1361 4592 3
