3188 5414
477 487 654 543 unrsronn
673 486 718 546 uu
736 486 872 543 sanum
890 489 1112 544 sanncnons
1318 492 1373 566 au„

737 665 855 743 CCXL.

457 823 674 867 nrnncrrssruo
698 825 731 866 ru
754 821 888 866 cumsro
911 825 997 867 rutro
1019 825 1138 867 uosrno

363 919 615 981 FERDINANDO
636 922 757 983 REGIO
777 922 1048 983 HISPANlARUM
1069 921 1229 981 lNFANTl

544 1037 778 1114 CLEMENS
797 1038 925 1114 PAPA
938 1036 1044 1112 XIV.

946 1187 1071 1242 Romaest
1088 1183 1221 1232 decembris
1236 1188 1303 1234 1773.

259 1287 484 1361 Dilectissimo,
510 1295 565 1346 etc.
588 1281 795 1345 Incredibilem
811 1301 882 1344 sane
903 1281 1034 1344 letitiam
1048 1281 1182 1362 cepimus
1203 1299 1239 1342 ex
1259 1299 1366 1342 aman-

222 1381 342 1442 tissimis
359 1381 464 1443 litteris
477 1380 536 1442 tuis
545 1426 553 1458 ,
575 1380 717 1460 omnique
732 1380 762 1441 in
779 1381 840 1441 Nos
850 1380 972 1456 amoris,
993 1377 1127 1460 pietatis,
1143 1396 1179 1439 ac
1193 1376 1290 1438 tilialis
1307 1377 1366 1438 ob-

220 1477 373 1538 servantia
387 1476 602 1556 significatione
614 1476 802 1557 plenissimis.
815 1477 889 1538 Cum
901 1482 931 1536 te
942 1466 1062 1555 semper
1074 1474 1199 1535 mirifice
1213 1493 1249 1535 ao
1261 1473 1366 1553 singu-

221 1571 321 1632 lariter
339 1572 549 1648 dilexerimus,
571 1580 698 1654 tuasque
715 1590 890 1635 aesomnes
903 1571 1028 1652 perinde
1043 1589 1079 1632 ac
1099 1577 1216 1632 nostras
1237 1576 1366 1650 paterno

222 1683 340 1730 summo
350 1669 449 1731 studio
462 1671 638 1750 prosequuti
649 1687 769 1743 sumus,
780 1667 853 1730 nihil
862 1666 1147 1748 profectoacciderc
1157 1666 1249 1728 Nobis
1258 1667 1366 1746 jucun·

169 1829 171 1832 ,
220 1763 287 1824 dius
301 1784 319 1824 a
338 1773 368 1826 te
381 1766 496 1845 potuit,
510 1783 602 1847 quam
622 1767 795 1844 hujusmodi
807 1766 903 1828 amori
916 1766 947 1826 in
964 1772 994 1826 te
1008 1772 1112 1826 nostro
1125 1783 1194 1826 eam
1211 1782 1291 1825 nunc
1303 1783 1322 1826 a
1334 1772 1365 1826 te

220 1860 303 1920 reddi
318 1861 413 1922 vicem
420 1908 428 1940 ,
441 1883 501 1944 qua
512 1865 620 1926 eximia
631 1872 684 1926 tua
695 1865 726 1925 in
737 1866 798 1926 Nos
809 1865 948 1925 voluntas
960 1862 1102 1943 preclare
1114 1860 1270 1940 perspicue
1279 1879 1365 1922 cons-

219 1967 285 2018 tare
298 1968 408 2038 posset.
427 1962 560 2022 Plurima
571 1980 648 2042 sape
665 1961 889 2040 clarissimaque
901 1960 939 2021 ad
957 1962 1018 2021 Nos
1036 1958 1171 2037 ejusdem
1189 1957 1233 2018 tui
1252 1957 1283 2017 in
1302 1959 1364 2019 Nos

220 2054 311 2116 animi
324 2057 425 2118 delata
438 2065 508 2120 sunt
526 2059 636 2119 indicia
644 2104 652 2136 ,
665 2059 776 2138 quibus
787 2058 882 2138 magis
896 2057 927 2118 in
938 2056 1002 2118 dies
1013 2055 1050 2116 ad
1067 2072 1203 2116 amorem
1214 2054 1273 2132 tui,
1288 2062 1365 2115 tuae-

219 2169 278 2229 que
295 2150 414 2231 pietatis
435 2173 470 2215 ac
486 2155 635 2233 religionis
649 2155 769 2216 laudem
785 2153 1028 2214 accenderemur.
1042 2151 1140 2212 Dilata
1149 2150 1242 2211 etiam
1255 2157 1365 2212 nostra-

221 2247 259 2306 ad
274 2254 303 2308 te
318 2247 446 2310 invicem
464 2251 630 2330 gaudemus
646 2250 760 2312 eximia
777 2249 915 2322 caritatis,
928 2248 1117 2326 testimonia,
1131 2249 1177 2309 vel
1194 2265 1265 2310 cum
1285 2247 1364 2308 filius

220 2344 272 2403 tibi
294 2345 325 2405 in
342 2352 426 2408 tanta
439 2349 535 2409 Domo
547 2354 669 2409 tuarum
684 2347 827 2409 virtutum
845 2345 966 2432 iuturus
984 2345 1080 2406 haeres
1097 2351 1186 2405 natus
1203 2350 1297 2423 esset,
1317 2347 1363 2405 vel

219 2461 288 2502 cum
302 2442 453 2522 depositas
459 2463 524 2506 esse
533 2446 699 2507 simultates
709 2465 814 2508 omues
826 2451 914 2525 teque
926 2445 956 2504 in
966 2443 1249 2524 gloriosissimorum
1258 2461 1363 2523 regum

219 2541 265 2600 avi
283 2561 318 2602 ac
334 2543 448 2623 patrui,
459 2551 618 2625 parentum
631 2561 715 2624 paene
727 2551 867 2621 tuorum,
880 2538 1011 2623 gratiam
1019 2547 1174 2622 receptum
1185 2541 1275 2603 fuisse
1289 2561 1364 2622 pro-

219 2637 283 2698 lixis
295 2639 334 2699 ad
353 2657 405 2701 eos
420 2639 536 2721 scriptis
547 2638 669 2716 litteris,
682 2639 786 2719 tuique
804 2637 1027 2700 studiosissimis
1041 2637 1273 2716 gratularemur.
1294 2638 1363 2712 Qua

217 2755 288 2795 cum
305 2736 357 2796 tibi
377 2744 484 2797 nostrae
496 2737 527 2796 in
538 2744 568 2798 te
579 2736 791 2799 benevolentia
802 2735 978 2815 magnitudo
992 2740 1149 2813 perspecta
1169 2732 1274 2809 luerit,
1292 2753 1362 2796 eum

217 2833 247 2892 in
258 2834 318 2894 Nos
331 2851 366 2892 ac
381 2835 522 2893 Sanctam
541 2833 621 2892 hano
633 2831 740 2892 Sedent
761 2830 904 2892 accedere
920 2828 1039 2909 pietatis
1058 2834 1116 2888 tua
1130 2830 1286 2889 cumulum
1306 2850 1363 2892 vo-

221 2926 316 3007 luisti,
341 2936 374 2990 ut
392 2928 558 3009 quidquam
578 2927 777 3008 opportunius
794 2926 945 3006 Nobisque
967 2925 1119 3004 acceptius
1141 2944 1179 2986 ne
1199 2927 1361 3005 excogitari

216 3025 338 3110 quidem
360 3025 502 3106 potuerit.
522 3027 712 3106 lnterponere
731 3029 761 3084 te
781 3023 885 3106 scribis
904 3021 986 3104 apud
1006 3021 1128 3084 eosdem
1144 3022 1313 3086 carissimos
1331 3027 1361 3087 in

217 3123 333 3185 Christo
347 3123 423 3185 lilios
436 3130 556 3184 nostros
571 3140 672 3200 avum,
681 3140 830 3203 proavum
843 3128 873 3183 et
884 3123 1052 3203 patruelem
1064 3128 1162 3199 tuum,
1177 3124 1362 3203 praestantis-

216 3222 308 3282 simos
327 3239 411 3301 reges
426 3221 556 3302 plurima
575 3227 664 3301 atque
684 3219 793 3281 eximia
811 3219 925 3299 officia,
940 3227 974 3282 ut
988 3219 1187 3282 offensionum
1205 3221 1360 3302 omnium,

217 3340 282 3399 quae
302 3328 371 3382 ante
390 3328 528 3382 nostrum
550 3319 761 3402 pontificatum
785 3317 971 3397 inciderunt,
992 3336 1179 3399 quamquam
1196 3337 1234 3379 ex
1251 3320 1361 3383 animis

217 3419 338 3478 sublatae
352 3438 394 3479 ea
407 3419 530 3481 omnino
548 3420 606 3481 sint
619 3419 752 3500 reliquias
763 3420 854 3480 etiam
865 3437 971 3481 omnes
984 3427 1017 3480 et
1034 3417 1160 3498 vestigia
1173 3419 1359 3499 tollerentur,

217 3515 403 3595 ditionesque
412 3517 536 3597 proinde
547 3517 718 3595 Avenionis,
729 3515 1053 3594 Beneventi,etPontis
1061 3515 1360 3596 Corviadpristinam

217 3611 351 3688 ejusdem
360 3613 475 3673 Sanctae
484 3613 569 3675 Sedis
582 3615 803 3695 possessionem
812 3613 955 3674 redirent.
966 3612 1095 3689 Majores
1103 3611 1227 3691 quidem
1238 3631 1274 3674 ac
1290 3613 1360 3674 ube

216 3709 309 3770 riores
322 3728 419 3771 causa
429 3756 437 3787 ,
447 3729 502 3771 cur
512 3711 696 3774 immortales
710 3712 763 3773 tibi
776 3711 889 3791 gratias
898 3711 1081 3789 habeamus,
1093 3712 1181 3774 nulla
1189 3712 1281 3774 Nobis
1296 3731 1360 3774 esse

216 3798 352 3887 possuntss
368 3810 511 3869 Praeclare
523 3809 657 3889 proiecto
670 3812 765 3889 nosti,
786 3815 900 3890 quanto
913 3811 975 3871 Nos
987 3808 1071 3889 pacis
1084 3815 1115 3870 et
1126 3811 1294 3872 concordia
1310 3809 1361 3872 de·

217 3905 324 3968 siderio
338 3914 506 3984 teneamur,
520 3909 684 3988 praesertim
695 3928 766 3971 cum
782 3909 937 3971 Borltoniae
954 3912 1068 3970 Domus
1079 3910 1268 3991 amplissimis
1280 3913 1360 3992 regi-

217 4007 288 4082 bus,
299 4026 428 4087 quorum
439 4026 559 4068 summa
568 4006 598 4068 in
610 4009 681 4084 Nos,
694 4008 724 4067 in
736 4007 816 4068 hanc
825 4008 907 4068 Beati
923 4007 1003 4067 Petri
1014 4007 1204 4084 Gathedram,
1216 4007 1247 4068 in
1258 4009 1361 4070 Eccle-

217 4105 291 4165 siam
305 4106 473 4167 universam
484 4105 592 4167 merita
604 4105 782 4184 extiterunt,
797 4123 894 4186 neque
903 4105 967 4183 jam
982 4104 1075 4166 Nobis
1090 4105 1151 4166 ulla
1164 4105 1260 4166 inesse
1271 4103 1360 4165 dubi-

217 4204 290 4263 tatio
307 4212 439 4284 poterat,
455 4205 528 4285 quin
549 4205 605 4286 ipsi
621 4223 677 4285 pro
697 4223 803 4267 eorum
816 4204 958 4284 religione
980 4222 1015 4265 ac
1033 4203 1178 4285 sapientia
1188 4203 1230 4264 illi
1251 4208 1360 4266 nostra

217 4303 381 4381 apostolico
400 4303 516 4364 muneri
534 4303 720 4366 convenienti
734 4303 955 4379 consensionis,
969 4310 1000 4362 et
1014 4300 1183 4363 concordiae
1204 4300 1359 4382 cupiditati

217 4418 271 4458 suo
294 4406 393 4462 essent
424 4400 541 4478 studio,
571 4419 662 4482 opera
685 4402 835 4482 animique
857 4401 1060 4481 magnitudine
1084 4401 1268 4480 responsuri.
1301 4400 1358 4460 Sed

217 4515 295 4557 nnnc
305 4543 311 4573 ,
322 4496 512 4558 dilectissimo
524 4497 553 4558 in
563 4498 678 4560 Christo
691 4499 731 4559 iili
740 4506 840 4559 noster
847 4545 854 4576 ,
866 4506 950 4560 tanto
960 4499 1070 4559 certius
1083 4499 1114 4558 in
1125 4497 1370 4577 pulcherrimam·
