3188 5414
478 474 656 535 urrsroun
672 479 717 533 ur
734 447 867 535 isnavrl
887 473 1119 535 sanncrronr.
1315 486 1368 543 aas

728 639 859 719 CCLIll.

489 808 653 851 cnnrssruo
674 809 708 849 nr
730 807 859 849 cnarsro
873 795 964 850 'rruro
985 806 1104 849 nosrao

341 914 550 977 sranrsmo
566 910 746 976 auausro
766 883 942 974 rotoma
961 914 1055 973 auur
1075 894 1251 974 unusrar

539 1023 770 1104 CLEMENS
797 1028 926 1104 PAPA
952 1027 1058 1104 XIV.

969 1176 1062 1235 Romae,
1079 1179 1106 1224 19
1119 1173 1223 1236 januarii
1235 1179 1302 1225 1774.

267 1276 441 1345 Carissimo,
457 1282 512 1336 etc.
528 1276 608 1348 Quos
621 1274 713 1336 Nobis
725 1273 964 1354 RegiaMajestas
978 1275 1043 1333 Tua
1053 1277 1191 1352 precatur
1206 1292 1223 1334 a
1236 1276 1368 1360 DeoOp-

226 1370 301 1432 timo
315 1371 736 1450 MaximocoelesteseJ'usdem
745 1368 1366 1451 bonitatisacclamentiaelructus,quibus
1417 1403 1420 1408 ·

225 1467 413 1532 imbecillitas
424 1477 527 1533 nostra
546 1471 577 1532 in
597 1471 655 1533 hoc
668 1469 844 1553 gravissimo
858 1468 1041 1548 apostolatus
1054 1466 1227 1528 sustinendo
1240 1485 1366 1529 munere

225 1564 352 1646 indiget,
366 1572 397 1628 ct
417 1574 501 1629 tuam
520 1568 550 1629 in
570 1569 647 1647 Nos,
671 1574 760 1648 atque
771 1565 936 1629 Ecclesiam
954 1565 1019 1643 jam
1040 1563 1155 1625 dudum
1177 1571 1365 1646 perspectam

222 1655 800 1744 pietatemmajoreminmodumNobis
813 1666 1047 1743 coadunantes
1057 1662 1175 1743 jamdiu
1190 1664 1365 1730 inclinatam

223 1758 254 1818 in
270 1765 301 1819 te
321 1767 479 1841 paternam
496 1763 652 1826 caritatem
670 1770 804 1826 nostram
816 1762 912 1842 magis
924 1762 1022 1824 adhuc
1038 1761 1194 1843 impellunt
1206 1762 1273 1824 hoc·
1284 1768 1365 1823 tem-

223 1871 298 1934 pore
313 1861 347 1916 ut
368 1857 484 1920 assidue
499 1867 647 1940 concepta
659 1859 697 1922 de
714 1867 784 1938 tua,
798 1859 904 1940 tuique
921 1860 1005 1939 regni
1023 1858 1163 1921 felicitate
1181 1867 1251 1922 vota
1268 1861 1364 1925 multe

226 1951 393 2020 ardentiore
405 1953 495 2016 animi
509 1957 700 2019 contentione
711 1962 925 2019 restauremus.
936 1956 970 2017 Id
983 1955 1057 2018 dum
1069 1956 1154 2017 enixe
1166 1961 1364 2036 accurateque

224 2050 360 2130 facimuS,
370 2053 522 2116 carissime
537 2054 695 2117 incuriae
715 2053 756 2115 fili
770 2059 883 2131 noster,
896 2059 985 2134 teque
999 2071 1034 2114 ac
1050 2059 1102 2115 tua
1115 2052 1217 2116 omnia
1231 2052 1366 2115 luculen-

223 2146 338 2211 tissima
350 2156 454 2212 nostra
473 2150 584 2232 pietate
598 2151 807 2233 prosequimur
824 2149 1016 2212 vehementer
1026 2156 1167 2230 optamus
1187 2165 1363 2229 persuasum

222 2243 276 2306 tibi
291 2245 339 2324 sit,
354 2237 521 2329 numquam
532 2250 733 2331 ullapaternae
748 2265 873 2311 summa
889 2245 1051 2312 voluntatis
1061 2245 1160 2309 officia
1174 2259 1192 2308 a
1204 2244 1296 2306 Nobis
1308 2243 1362 2304 tibi

112 2341 114 2344 ’
221 2342 477 2426 defuturameque
485 2341 1220 2431 umquampreteriturosllosesseopportunitates
1229 2358 1362 2422 quasque

220 2441 321 2519 palam
332 2442 459 2505 testandi
470 2443 574 2525 quanti
583 2443 729 2506 faciamus
737 2441 834 2523 regias
840 2441 1052 2520 uirtutestuas,
1060 2445 1232 2521 quantaque
1240 2445 1270 2500 te
1280 2455 1362 2500 com-

219 2537 386 2617 plectamur
399 2539 611 2628 benevolentia
619 2535 837 2624 magnitudine,
848 2542 879 2603 in
891 2543 979 2622 cujus
987 2542 1095 2624 pignus
1105 2541 1300 2624 apostolicam
1310 2541 1362 2602 be·

218 2634 418 2698 nedictionem
431 2638 579 2717 ltlaJestati
594 2641 666 2703 ‘l'uae
678 2640 797 2721 tuisque
814 2639 934 2721 populis
950 2639 1151 2703 amantissimo
1160 2639 1360 2720 impertimur.
1408 2705 1414 2727 ¹

218 2730 332 2791 Datum
351 2733 465 2803 Romae,
478 2736 563 2813 upad
574 2737 714 2797 Sanctam
729 2738 861 2797 Mariam
875 2737 1033 2812 majorem,
1049 2736 1103 2795 aab
1116 2736 1239 2796 Annulo
1249 2737 1362 2797 Pisca-

219 2830 303 2897 torta,
319 2827 369 2889 dte
386 2840 420 2889 la
429 2832 569 2906 januarii
587 2842 672 2906 trra,
684 2832 880 2910 pontificatur
895 2834 992 2891 nostri
1008 2848 1087 2890 unco
1104 2834 1218 2908 quicto.

722 3054 853 3126 CCLlV⁶

456 3205 672 3254 DILECTISSIMO
694 3208 727 3254 IN
750 3211 882 3258 cuulsro
901 3204 983 3254 inmo
1005 3206 1121 3275 NOSTBO

355 3309 598 3377 rnrnnarco
625 3303 832 3379 uuous'ro
862 3316 1068 3378 saxorum
1094 3319 1217 3389 num,

530 3441 531 3444 ’
563 3427 589 3481 S.
604 3435 631 3483 ll.
647 3435 666 3484 l.
684 3426 822 3485 PllllttrlPI
837 3431 1004 3497 riumodi,

530 3534 763 3616 CLEMENS
790 3540 920 3617 PAPA
946 3531 1052 3616 XIV.

958 3690 1052 3746 Roma,
1065 3686 1094 3736 aa
1108 3687 1210 3747 januarii
1227 3693 1308 3739 trra

256 3763 476 3850 Dilectissimo,
506 3789 561 3844 etc.
585 3784 765 3867 Accepimus
787 3790 855 3847 tuas
876 3783 992 3846 litteras
1015 3801 1069 3863 per
1096 3781 1237 3847 dilectum
1262 3783 1356 3850 lilium

218 3877 361 3943 Blanconl
372 3879 544 3962 diligentem
554 3901 589 3944 ac
599 3883 735 3946 sedulum
742 3882 933 3946 llesidentem
944 3889 1043 3959 tuum,
1051 3899 1088 3942 ex
1099 3882 1208 3962 quibus
1219 3900 1357 3966 compro

217 3971 322 4037 batum
335 3976 427 4039 Nobis
439 3976 571 4039 maxime
585 3978 641 4040 fuit
648 4025 657 4057 ,
678 3999 744 4061 qua
761 3987 815 4042 tua
826 3986 902 4041 esset
922 3978 953 4040 in
965 3980 1045 4056 Nos,
1060 3996 1096 4040 ac
1112 3980 1143 4041 S.
1157 3980 1236 4042 hanc
1249 3981 1356 4046 Sedent
1456 3999 1459 4004 ·

219 4073 311 4154 pietas
326 4081 415 4156 atque
429 4076 628 4156 observantia,
643 4097 735 4159 quarn
748 4078 897 4160 precipue
908 4096 982 4139 cura
997 4060 1089 4159 atque
1099 4077 1277 4140 auctoritate
1291 4087 1354 4158 tua,

220 4177 251 4231 ut
263 4174 432 4252 apostolice
445 4174 672 4238 scilicetlittera
691 4183 799 4240 nostra
810 4175 848 4238 de
870 4176 982 4238 abolito
1002 4177 1071 4239 Soc.
1087 4179 1159 4238 Jesu
1171 4176 1279 4240 Ordine
1299 4179 1355 4241 rite

127 4259 129 4263 ’
220 4269 382 4333 executioni
407 4271 493 4334 isthic
514 4272 740 4352 mandarentur,
765 4273 963 4338 confirmasti.
981 4275 1184 4351 Quamobrem
1198 4275 1354 4356 pristinum

218 4372 353 4429 nostrum
366 4366 403 4430 de
417 4374 470 4431 tua
480 4369 589 4433 virtute
603 4390 639 4434 ao
654 4371 796 4453 religione
807 4372 977 4452 judicium,
990 4374 1240 4455 singularemque,
1253 4394 1313 4457 qua
1325 4384 1354 4439 te

217 4482 334 4547 semper
345 4468 489 4545 complexi
501 4487 604 4531 sumus
626 4471 782 4532 caritatem
795 4473 943 4549 majorem
959 4472 990 4533 in
1005 4473 1129 4534 modum
1141 4472 1353 4554 amplificatam

1218 4586 1249 4636 19
