3188 5414
472 503 655 560 EPI'STOLAE
674 503 718 562 ET
736 509 868 561 Bnuvm
888 506 1118 565 SELECTlOIld.
1320 517 1370 568 ibt)

169 672 171 677 s
223 609 334 690 quibus
351 605 380 671 in
392 610 509 688 litteris,
524 617 614 691 prout
629 630 646 672 a
663 612 755 672 Nobis
774 612 937 692 postulavit
951 613 1104 674 carissima
1117 614 1145 674 in
1165 615 1281 677 Christo
1295 616 1370 678 Filia

224 715 328 770 nostra
339 709 433 770 Maria
441 709 584 770 Therasia
593 709 750 789 Hungariae
759 709 872 788 Regina
884 709 1069 789 Apostolica,
1082 728 1137 770 nec
1148 729 1208 772 non
1218 712 1368 773 themiae

224 804 336 883 Regina
345 806 466 868 illustris
478 806 508 867 in
516 808 723 868 Romanorum
734 805 1059 887 lmperutricemelccta
1066 806 1167 883 vidua,
1178 825 1289 868 novam
1296 827 1366 869 san-

224 900 363 963 cimusde
373 903 583 964 imminutione
593 901 737 964 festorum
746 902 978 982 dierumlegam,
989 903 1369 985 atqueindicipopulis,qui

223 997 326 1059 eidem
333 1000 459 1078 subjecti
473 1003 558 1076 sunt,
578 999 616 1060 ab
631 999 724 1079 iisque
737 998 848 1060 servari
862 998 1052 1060 mandamus.
1068 1001 1183 1061 Harum
1202 1001 1369 1063 litterarum
1419 1079 1422 1083 .

223 1085 315 1159 verba
330 1100 395 1180 ipsa
403 1139 411 1176 ,
432 1106 465 1160 ut
478 1099 523 1159 vis
534 1098 608 1178 legis
621 1105 779 1177 perspecta
793 1095 846 1156 tibi
861 1103 956 1173 esset,
971 1097 1105 1175 sequenti
1126 1106 1233 1160 tenore
1244 1099 1370 1176 subjici-

222 1215 291 1258 mus
313 1198 483 1260 Venerabili
506 1197 602 1259 Fratri
627 1196 762 1277 Josepho
780 1194 1005 1276 archiepiscopo
1019 1196 1172 1257 Colocensi
1200 1220 1207 1256 :
1234 1197 1369 1258 Clemens

223 1295 307 1374 Papa
319 1297 397 1357 XIV.
411 1292 599 1358 Venerabilis
616 1296 720 1356 Frater
730 1294 857 1356 salutem
873 1300 903 1355 et
914 1295 1111 1375 apostolicam
1125 1294 1368 1358 benedictionem

163 1449 165 1453 .
221 1400 354 1469 paternae
364 1393 493 1454 caritati.
507 1395 658 1454 inseratur
672 1393 856 1471 subsequens
867 1392 956 1452 breve
973 1410 1068 1471 usquc
1082 1392 1121 1453 ad
1135 1392 1247 1453 verba:
1268 1395 1369 1454 Bene-

222 1486 321 1549 dictus
330 1491 412 1570 Stay.
428 1489 485 1551 Hic
498 1498 544 1552 est
563 1497 735 1552 nostrarum
748 1488 787 1549 ad
805 1489 961 1569 episcopos
975 1488 1172 1569 epistolarum
1181 1494 1278 1566 tenor,
1293 1508 1369 1570 quas

223 1585 253 1646 in
268 1585 304 1646 iis
319 1586 390 1666 ipsis
401 1587 569 1650 reddendas
582 1586 769 1649 Venerabilis
781 1589 902 1663 Frater,
922 1604 1009 1648 suam
1031 1586 1140 1666 cuique
1158 1585 1294 1665 curabis,
1316 1588 1368 1649 sed

221 1700 291 1742 cum
313 1683 361 1744 alii
384 1685 477 1746 etiam
498 1686 557 1747 sint
579 1684 690 1747 exteris
704 1684 734 1745 in
753 1683 925 1764 regionibus
946 1673 1078 1763 episcopi
1091 1683 1143 1763 qui
1158 1681 1291 1763 aliquam
1307 1701 1370 1744 suae

220 1779 358 1841 dioecesis
366 1781 602 1860 partembabent
612 1781 643 1843 in
657 1782 693 1842 iis
701 1788 787 1842 extra
793 1780 909 1841 ltaliam
915 1780 1005 1856 locis,
1020 1780 1072 1859 qui
1084 1779 1250 1841 Austriacae
1262 1778 1369 1840 ditioni

221 1875 1365 1957 subjiciuntur3delegamusidcircoFraternitatemtuam,tibiquecommit·

221 1973 315 2033 timus
328 1979 424 2053 utper
437 1981 505 2036 tuas
514 1975 627 2037 litteras
638 1975 718 2036 hanc
732 1975 829 2054 ipsam
840 1975 936 2053 legem
951 1972 1057 2034 iisdem
1066 1980 1169 2034 nostro
1179 1971 1302 2034 nominc
1313 1992 1368 2053 pro

222 2069 280 2129 illis
296 2070 506 2134 tantummodo
520 2073 594 2134 locis
610 2073 813 2154 recipiendam
838 2072 1074 2152 servandamque
1093 2071 1266 2133 denuncias.
1283 2072 1368 2146 Quod

133 2212 138 2220 ,
220 2165 346 2245 quidem
362 2168 587 2248 etiameadem,
605 2189 697 2252 quam
707 2171 761 2233 tibi
771 2171 989 2233 demandamus
1001 2217 1009 2248 ,
1023 2171 1202 2233 auctoritate
1213 2170 1369 2251 praestabis

220 2269 291 2331 cum
306 2271 341 2332 iis
357 2272 526 2334 abbatibus
535 2319 543 2350 ,
566 2273 618 2353 qui
636 2272 746 2334 nullius
762 2271 898 2334 dioecesis
912 2279 982 2332 sunt
995 2270 1171 2350 caterisque
1185 2268 1367 2350 prepositis,

217 2367 402 2448 quicumque
420 2369 537 2447 juribus
556 2369 778 2451 episcopalibus
796 2368 927 2447 gaudent
949 2367 1007 2428 illis
1020 2367 1131 2447 pariter
1154 2366 1185 2426 in
1202 2365 1293 2443 lociS,
1315 2367 1366 2446 qui
1414 2398 1417 2418 ι

219 2470 303 2526 extra
324 2466 441 2528 Italiam
461 2467 624 2530 Austriaca
642 2471 755 2530 Domus
775 2461 932 2549 temporali
951 2467 1089 2529 Dominio
1109 2465 1276 2544 subjacent.
1296 2467 1367 2526 Haec

220 2569 300 2640 sunt,
311 2565 498 2629 Venerabilis
508 2569 622 2645 Frater,
634 2586 701 2647 quae
710 2566 765 2627 tibi
785 2566 896 2627 idcirco
905 2563 1125 2646 praescribenda
1143 2581 1179 2624 ac
1195 2562 1368 2624 mandanda

219 2660 346 2722 libenter
367 2663 571 2740 decrevimus,
588 2664 670 2744 quod
691 2665 797 2726 eadem
819 2681 877 2744 pro
898 2668 1055 2742 perspecta
1080 2667 1133 2721 tua
1153 2658 1310 2720 sedulitate
1331 2675 1367 2718 ac

219 2759 278 2821 fide
294 2761 517 2822 accuratissime
531 2781 549 2822 a
560 2768 590 2823 te
602 2760 773 2823 coniectum
784 2761 819 2821 iri
831 2779 893 2822 non
901 2759 1086 2820 dubitamus
1098 2758 1202 2836 inquo
1214 2773 1284 2816 cunr
1296 2755 1367 2835 plu-

219 2855 331 2916 rimum
346 2862 449 2916 nostro
462 2856 501 2916 de
519 2862 549 2916 te
558 2856 672 2933 judicio
692 2855 885 2931 satisfeceris,
909 2863 976 2916 tum
994 2854 1086 2914 etiam
1104 2853 1293 2912 vehementer
1315 2867 1367 2910 au-

168 2961 171 2966 ·
221 2949 299 3010 xeris
321 2954 404 3026 eam,
419 2969 480 3030 qua
502 2956 533 3011 te
555 2951 702 3029 majorem
724 2951 754 3010 in
777 2949 902 3010 modum
924 2964 1153 3030 prosequemur,
1178 2943 1366 3026 pontificiam

221 3047 462 3110 benevolentiam
484 3053 637 3124 nostram,
655 3047 685 3107 in
699 3047 785 3125 cujus
802 3044 905 3108 itidem
924 3046 1036 3126 pignus
1053 3044 1249 3125 apostolicam
1271 3044 1365 3105 bene-

220 3141 383 3203 dictionem
412 3143 602 3205 Fraternitati
632 3151 692 3204 tuae
716 3148 906 3223 peramanter
940 3141 1143 3222 impertimur.
1172 3142 1285 3202 Datum
1309 3139 1365 3198 Ro-

218 3260 288 3312 moe,
299 3243 431 3318 etc.,die
451 3253 487 3302 22
500 3245 582 3316 janu
597 3254 684 3318 1771,
706 3245 899 3319 pontificatus
911 3246 1006 3303 nostri
1016 3259 1096 3301 oneo
1110 3243 1209 3301 tertio,

218 3391 316 3477 Vigore
333 3394 506 3466 praesentium
522 3395 651 3468 expedita
665 3394 793 3463 suerunt,
811 3395 845 3450 ab
866 3393 1014 3466 apostolico
1031 3390 1178 3447 Viennensi
1200 3388 1296 3445 nuntio
1309 3401 1365 3442 suaa

394 3484 504 3549 littera,
518 3501 581 3540 cum
595 3499 699 3540 annexu
711 3485 867 3554 apostolico
879 3481 956 3538 Brevi
971 3480 1006 3536 ad
1021 3486 1165 3552 sequentes
1179 3495 1185 3532 :

254 3607 298 3662 Ad
311 3609 463 3666 Electorem
475 3611 661 3667 Trevirensem
671 3630 679 3678 3
690 3609 735 3664 Ad
748 3609 899 3665 Electorem
909 3609 1118 3674 coloniensem,
1133 3605 1176 3662 Ad
1189 3605 1363 3676 arciepisco-

218 3711 283 3765 pum
308 3696 507 3764 Rbemensem3
534 3697 578 3754 Ad
596 3698 839 3771 Archiepiscopum
861 3698 1103 3761 cameracensem
1127 3693 1171 3750 Ad
1198 3693 1363 3765 Episcopum

217 3784 413 3852 leodiensem
427 3785 470 3842 ad
479 3786 645 3859 Episcopum
655 3789 823 3852 Metensem3
840 3782 883 3839 Ad
894 3783 1061 3856 Episcopum
1075 3781 1299 3844 verdunensem3
1320 3778 1363 3834 nd

218 3875 350 3932 abbatem
371 3871 614 3952 Sancti-Lambatai
637 3875 853 3948 congregationis
877 3871 1080 3939 Benedictiuae3
1105 3871 1149 3928 Ad
1170 3874 1277 3928 Patrem
1293 3869 1364 3923 ticc-

217 3973 305 4020 torem
320 3966 428 4040 collegii
438 3966 578 4024 Greciens.
595 3964 734 4022 societatis
748 3969 814 4021 lesu
826 3963 955 4021 ordinarii
969 3960 1175 4018 Millostadiens.
