3188 5414
225 486 280 536 aaa
657 483 859 559 §centauris
878 484 944 539 xlv

228 583 393 664 amplitudo
406 583 520 659 ,dilecti
532 585 584 646 tilii
598 585 712 647 nobiles
727 586 1161 662 viri,eo‘f1rmiorassatlrolicae
1176 593 1272 669 atque
1288 591 1373 661 avita

228 680 378 760 religionis
398 681 503 762 inqua
521 688 602 744 sarta
615 689 703 744 tecta
715 683 827 744 tuenda
845 683 976 761 majores
1002 684 1093 745 vestri
1111 685 1282 748 maximam
1296 690 1379 768 regui

227 781 315 847 rasni
329 780 457 860 positam
474 782 679 866 cssegloriam
697 799 814 861 semper
830 786 1030 861 putaverunt,
1055 781 1086 842 in
1099 780 1186 843 vobis
1198 827 1206 860 ,
1219 790 1380 865 vestraque

227 878 444 959 spectatissima
456 878 564 942 virtute
580 885 689 959 praesto
705 877 808 941 lutura
819 878 954 959 presidia
968 879 1131 941 certissime
1141 879 1294 943 duximus.
1307 886 1380 947 Heca

226 976 315 1041 vestri
327 975 434 1054 egregii
445 975 535 1036 animi
543 976 690 1056 vestrique
702 993 773 1055 erga
783 975 875 1036 divini
884 976 983 1036 cultus
993 975 1196 1055 integritatem
1205 978 1298 1041 studii
1308 1000 1378 1062 spes

220 1080 315 1152 ,atque
326 1073 493 1152 expectatio
516 1090 657 1152 magnam
677 1091 714 1133 cx
735 1073 835 1135 anirno
850 1080 953 1134 nostro
973 1072 1109 1136 moeroris
1122 1080 1243 1154 partem
1259 1076 1377 1148 adimit,
1394 1145 1398 1152 ,

226 1189 261 1233 ac
277 1170 500 1248 sollicitudinis,
514 1188 574 1251 qua
588 1171 779 1233 vehementer
801 1169 940 1249 angimur
961 1169 1002 1230 ob
1023 1169 1162 1249 proxima
1174 1172 1260 1252 regni
1286 1176 1376 1236 vestri

225 1267 362 1338 comitia,
379 1274 535 1347 metusque
557 1267 649 1329 Nobis
664 1267 807 1345 injectos,
823 1284 928 1345 ,neque
956 1264 1026 1328 inde
1040 1265 1223 1330 detrimenta
1243 1269 1377 1350 religioni

225 1372 330 1427 vestra
338 1365 535 1427 incolumitati
552 1364 652 1425 inferri
663 1363 789 1444 possint.
801 1365 863 1425 Vos
877 1362 958 1423 enim
968 1381 1024 1442 pro
1037 1362 1181 1443 singulari
1194 1373 1295 1428 vestra
1308 1368 1376 1430 tidei

225 1461 421 1524 defendendae
437 1461 590 1523 alacritate
605 1461 643 1523 ad
652 1461 824 1540 hujusmodi
839 1461 863 1522 si
878 1480 944 1541 qua
957 1461 1075 1539 tierent,
1085 1465 1276 1544 repellendas
1286 1471 1375 1531 moli-

223 1559 321 1622 tiones
332 1559 537 1639 paratissimos
558 1557 864 1620 futuroscontldimus
875 1602 884 1635 ,
905 1563 936 1619 et
951 1559 1123 1621 Venerabili
1133 1563 1235 1634 Fratri
1245 1566 1375 1647 loseplro

228 1656 463 1738 drchiepiscopo
482 1655 584 1736 Beryti
596 1654 751 1717 ordinario
765 1661 869 1718 nostro
885 1653 1049 1719 inPolonia
1063 1658 1175 1723 Nuntio
1189 1662 1295 1724 omnia
1311 1682 1374 1744 que

228 1753 343 1815 avobis
357 1752 508 1834 proticisci
522 1760 664 1833 possent,
683 1753 858 1832 adjumenta
873 1755 1068 1834 prestitums.
1083 1758 1144 1820 Etsi
1160 1767 1191 1823 et
1204 1762 1297 1825 olfiaii
1312 1784 1373 1826 xes

225 1852 263 1915 tri
280 1872 386 1930 causa,
403 1872 463 1933 quo
480 1852 518 1914 ad
533 1853 665 1914 divinam
678 1852 825 1932 gloriam,
842 1870 878 1913 ac
888 1852 1057 1917 animarum
1073 1857 1204 1921 salutem
1215 1861 1371 1923 tutandam

227 1953 359 2014 adstricti
381 1953 469 2028 estis,
488 1951 570 2013 etad
591 1951 750 2031 pristinum
770 1949 952 2030 Reipublicae
977 1958 1081 2013 vestra
1099 1952 1193 2016 decus
1205 1975 1243 2018 ac
1254 1956 1371 2021 laudem

224 2048 411 2111 retinendam
426 2068 480 2111 vos
504 2047 534 2108 id
547 2047 681 2109 facturos
691 2047 816 2108 minime
827 2045 1010 2124 dubitemus,
1023 2052 1238 2114 tamenvestra
1255 2055 1372 2136 egregia

224 2147 324 2209 studia
342 2145 550 2209 cohortatione
570 2146 662 2207 ctiam
686 2151 773 2207 notra
786 2145 971 2223 excitamus,
988 2155 1078 2228 atque
1091 2148 1121 2209 id
1135 2150 1239 2231 ipsum
1254 2173 1272 2217 a
1285 2155 1370 2219 vobis

211 2260 314 2320 —quam
326 2243 458 2304 maxima
470 2259 633 2325 possumus
647 2239 828 2321 flagitamus.
846 2241 985 2303 Divinam
1000 2262 1053 2305 vos
1072 2245 1267 2311 clementiam
1290 2252 1374 2313 vobis

222 2337 348 2403 mirilico
360 2339 441 2405 launo
458 2339 488 2399 in
508 2339 633 2400 modum
654 2337 854 2399 demerituros
878 2338 961 2400 scitis
971 2383 980 2414 ,
1000 2340 1123 2421 ejusque
1142 2346 1272 2408 tutelam
1290 2349 1374 2411 robis

221 2433 323 2514 reique
348 2443 451 2505 vestra
475 2436 600 2516 publicae
622 2435 846 2496 concilieturos.
880 2438 1006 2500 Summa
1033 2458 1069 2501 ac
1096 2441 1261 2523 singularia
1281 2447 1373 2510 etiam

221 2540 321 2595 vestra
338 2541 426 2595 erunt
436 2535 465 2596 in
477 2537 537 2597 Nos
548 2580 556 2611 ‚
567 2542 597 2596 et
609 2535 751 2597 Sanctam
763 2537 970 2617 ¹Apostolicam
982 2540 1181 2605 hancSedem
1192 2546 1305 2615 naerita
1318 2547 1374 2615 hac

219 2631 382 2695 excellenti
392 2632 422 2692 in
437 2631 617 2694 catholicam
630 2631 797 2694 Ecclesiam
809 2641 919 2695 navata
939 2655 1049 2716 opera,
1059 2646 1093 2700 ut
1113 2649 1260 2720 pergratas
1279 2622 1375 2708 Nobis

218 2727 279 2789 sint
298 2728 405 2789 lutura
418 2727 658 2809 opportunitates
670 2745 794 2805 omnes,
811 2729 922 2809 quibus
936 2732 1038 2811 palam
1055 2733 1154 2797 facere
1168 2737 1256 2799 vobis
1270 2740 1375 2819 possi-

218 2845 286 2887 mus
305 2833 420 2907 quanta
437 2845 506 2904 vos,
527 2845 619 2907 quam
642 2825 786 2906 peculiari
804 2827 960 2907 pontificia
979 2829 1104 2893 caritate
1117 2834 1373 2914 complectamur.

217 2927 250 2986 ln
272 2927 359 3004 cujus
372 2925 487 3006 paterni
502 2925 595 2986 nostri
611 2924 641 2985 in
656 2943 710 2985 vos
729 2924 821 2986 animi
841 2925 1028 2991 manifestius
1048 2928 1158 3008 pignus
1171 2932 1376 3012 apostolicam

218 3023 458 3085 benedictionem
472 3023 570 3100 vobis,
584 3022 686 3084 dilecti
696 3021 737 3083 tili
747 3022 863 3084 nobiles
877 3024 946 3101 viri,
962 3035 1156 3105 peramanter
1163 3029 1375 3114 impertimur.·

218 3122 330 3180 Datum
340 3121 456 3189 Romae,
473 3121 556 3199 apuu
570 3121 603 3180 S.
619 3122 760 3196 Petram,
771 3120 824 3180 aab
838 3120 962 3184 Annulo
975 3124 1219 3198 Piscctcrta,die
1232 3139 1377 3197 auertit

221 3225 295 3275 tata
306 3259 314 3293 ,
323 3219 514 3294 pontificatur
526 3221 620 3278 nostri
634 3235 714 3277 curro
728 3224 847 3295 quarto.
889 3236 892 3240 ·
984 3257 988 3270 ·

726 3452 848 3522 CCXV.

656 3611 800 3652 DlLECTlS
824 3613 919 3653 alatis

384 3716 607 3792 EQUESTRI
637 3715 797 3776 ORDINI
824 3718 964 3778 annul
993 3719 1219 3799 POLONIAE·
1281 3791 1282 3794 Ἴ

532 3843 570 3889 nr
586 3841 686 3890 ulam
702 3841 845 3890 nucarus
862 3841 1046 3890 aranuama

445 3963 447 3967 “
496 3945 757 4022 CLEMENS
791 3947 924 4022 PAPA
958 3947 1074 4023 XIV.

924 4128 926 4134 .
1009 4099 1126 4158 Romaim
1139 4099 1220 4149 mulii
1235 4103 1309 4151 ¹773.

258 4210 383 4277 Dilecta
402 4211 459 4266 etc.
474 4203 733 4278 Quemadmodum
750 4205 929 4269 fortissimos
948 4207 1027 4271 viros
1040 4207 1171 4286 majores
1188 4215 1312 4274 vestros
1327 4213 1373 4275 in·

216 4303 349 4365 credibili
372 4302 471 4365 studio
491 4301 650 4381 catholica
666 4304 736 4380 fidei
751 4305 990 4368 incolumitatem
1012 4323 1131 4387 semper
1144 4323 1211 4368 esse
1233 4313 1372 4388 tutatos,

217 4408 309 4480 atque·
319 4401 348 4475 in
363 4419 400 4462 ea
412 4398 598 4471 defendenda
611 4400 777 4462 maximam
788 4387 879 4463 ¹suam
892 4403 1013 4464 laudem
1032 4409 1121 4482 atque
1133 4401 1257 4465 ‘inclitae
1271 4405 1374 4466 natio-

215 4497 263 4559 nis
277 4504 380 4568 vestrae
397 4496 524 4576 gloriam
537 4498 668 4576 positam
691 4498 852 4560 arbitratos
872 4517 936 4561 esse
960 4500 1071 4567 scimus
1080 4545 1090 4579 ,
1110 4498 1152 4561 ita
1169 4518 1246 4579 vos,
1265 4500 1371 4565 dilecti
