3188 5414
232 531 283 596 270
474 571 478 577 .
643 541 644 546 ¹
663 524 865 579 ClAEltlEll'l'lS
883 523 946 579 xlv

230 629 392 711 quotannis
404 630 461 690 erit
472 629 663 704 renovanda,
679 635 712 690 ut
728 630 802 690 sacri
821 647 968 707 canones,
985 647 1020 689 ac
1035 629 1098 709 ipsa
1109 628 1201 691 etiam
1213 633 1382 708 generatim

231 733 353 809 recepta
373 727 451 789 inter
468 726 633 788 catholicos
650 726 838 788 consuetudo
858 725 1066 806 praescribunt.
1080 725 1138 786 Sed
1159 726 1223 788 hac
1235 727 1380 806 prolixius

231 826 285 888 tibi
300 843 553 903 commemorare,
566 843 633 905 quae
649 830 682 886 tu
698 824 921 906 optimenosti,
936 841 1057 885 necesse
1070 842 1131 886 non
1145 831 1203 886 est.
1220 825 1297 886 lllud
1308 845 1378 887 sano

230 941 407 1004 persuasum
419 921 567 1000 Maiestati
578 924 649 984 Tua
658 939 722 982 esse
733 921 880 999 maJorem
894 920 924 980 in
938 920 1064 981 modum
1078 920 1236 1000 cupimus,
1250 922 1378 1001 plurima

230 1010 291 1083 Nos
304 1020 395 1083 animi
407 1019 595 1099 jucunditate
608 1018 732 1081 allectos
742 1018 833 1082 luisse
840 1063 849 1096 ,
861 1036 932 1080 cum
943 1017 1191 1098 intelligeremus,
1202 1019 1285 1079 abeo
1295 1037 1376 1097 rege,

209 1111 214 1120 ’
230 1119 282 1199 qui
295 1118 408 1199 pietate
420 1135 481 1179 non
495 1116 595 1178 minus
608 1134 701 1197 quem
712 1116 837 1179 consilio
850 1123 990 1198 prestat,
1001 1116 1092 1177 istam
1106 1135 1170 1178 esse
1184 1134 1291 1178 curam
1301 1162 1310 1194 ,
1319 1135 1377 1197 qua

229 1222 260 1278 et
277 1215 315 1276 de
328 1215 471 1294 religione
488 1220 519 1275 et
538 1213 577 1275 de
598 1214 753 1294 republica
767 1213 881 1295 optime
894 1214 1002 1276 mereri
1021 1213 1134 1295 possit,
1151 1232 1187 1275 ac
1207 1213 1376 1276 immortale

230 1312 276 1375 sui
289 1309 421 1374 nominis
433 1309 525 1371 decus
539 1309 620 1391 apud
629 1329 700 1373 suos
709 1323 901 1392 comparare,
916 1303 996 1372 et'td
1007 1311 1216 1392 posteritatem
1227 1308 1377 1371 transmit-

229 1419 302 1472 tere.
317 1409 416 1501 Feeile
430 1406 511 1469 enim
535 1407 662 1488 quisque
680 1407 760 1470 ridet
779 1427 931 1471 summam
945 1408 982 1470 iis
994 1407 1097 1470 deberi
1118 1408 1241 1469 leudem
1254 1408 1306 1489 qui
1324 1427 1376 1469 sua

229 1523 337 1586 opera,
349 1523 422 1586 ope,
444 1521 480 1565 ae
493 1508 643 1584 potestate
654 1502 693 1564 ed
706 1500 853 1586 optimam
869 1505 1036 1582 juventutis
1049 1503 1269 1567 institutionem
1280 1506 1324 1566 ita
1333 1505 1375 1566 usi

228 1601 298 1681 sint,
308 1608 342 1665 ut
351 1599 470 1682 egregia
480 1619 517 1662 ac
527 1606 674 1682 perpetua
684 1601 845 1682 religionis,
861 1621 994 1680 morum,
1004 1603 1130 1684 publica
1141 1602 1373 1682 tranquillitatis,

228 1716 299 1780 enge
326 1699 457 1782 patriam
479 1696 605 1774 amoris,
632 1715 703 1778 erga
730 1716 832 1778 regem
855 1698 990 1779 obsequii
1015 1698 1212 1762 fundamenta
1238 1699 1371 1777 jecerint.

144 1840 146 1844 ,
228 1799 263 1858 D.
283 1798 318 1859 0.
335 1799 376 1859 Μ.
392 1795 478 1858 enixe
494 1812 666 1877 precamur,
676 1796 909 1874 utllajestatem
921 1799 1020 1858 Tuam
1037 1795 1069 1857 in
1082 1796 1141 1858 hoc
1158 1796 1212 1857 tibi
1227 1796 1373 1878 patefacto

228 1899 304 1956 veris
323 1893 423 1975 gloria
437 1893 536 1974 spetio
555 1893 763 1956 decurrentem
777 1911 833 1955 sua
845 1891 957 1956 ooelesti
977 1892 1074 1973 gratia
1087 1899 1253 1971 sustentet,
1268 1913 1305 1956 ac
1322 1894 1373 1956 ad-

225 1993 328 2070 juvet,
348 1991 446 2072 deque
463 1997 516 2053 tun
534 1990 678 2071 regnique
697 1990 741 2053 tui
755 1989 897 2052 felicitate
915 1992 986 2052 vota
1001 1995 1106 2052 nostra
1118 1995 1186 2051 ruta
1199 1989 1295 2070 laxit,
1313 2011 1373 2072 qun

226 2108 296 2152 cum
311 2089 474 2173 apostolica
495 2087 702 2149 benedictione
721 2086 947 2167 conjungimus,
961 2088 1059 2166 quam
1072 2084 1147 2164 tibi,
1169 2087 1325 2151 carissime
1345 2090 1373 2150 in

227 2186 344 2249 onusto
357 2186 399 2248 tili
420 2191 534 2263 noster,
549 2185 658 2245 intimo
668 2183 786 2265 paterni
797 2183 898 2245 cordis
914 2201 1004 2245 sensu
1018 2182 1224 2245 amnudssime
1238 2184 1374 2266 imperti-

227 2282 306 2346 mu'r.
319 2285 432 2346 Dotem
441 2285 541 2346 Romu
551 2283 633 2362 opud
645 2283 788 2343 Sanctam
798 2285 928 2344 Mariam
937 2282 1160 2360 Majorem,.aeb
1171 2283 1374 2346 AnnuloPis-

227 2368 348 2458 ectorts,
362 2383 412 2443 dte
426 2392 462 2442 ts
473 2381 636 2442 &remota
650 2389 741 2457 trra,
754 2384 946 2458 poeniteatur
962 2384 1151 2442 nortmanno
1164 2384 1284 2459 quinto.

704 2500 883 2511 ..u—nunna—
919 2498 922 2505 ”

716 2608 878 2680 ccxliv.

630 2766 822 2813 vnnausrunr
845 2770 956 2813 rnrrru

463 2873 652 2934 runfflo
679 2875 890 2936 EPISGOPO
916 2876 1132 2939 VILNENSI
1208 2906 1213 2913 ·

523 2982 768 3090 ‘'connuns
795 2978 922 3076 rara
950 2999 1056 3076 xm.

938 3150 1032 3211 Romae,
1048 3153 1075 3199 18
1090 3148 1224 3203 decembris
1236 3156 1305 3200 1773.

139 3267 148 3280 ·
229 3249 1371 3332 ‘Venerabittmte.Magnoperegavisisumus,VenerahilisFrater,cumte

222 3346 373 3428 injeorum
385 3360 450 3407 esse
462 3348 590 3407 numero
606 3346 814 3428 intelleximus,
827 3348 1188 3429 quibus'ordinaudorum
1199 3350 1371 3415 studiorum

222 3440 406 3522 rationisque
412 3440 592 3520 'statuende
602 3460 663 3522 qua
673 3442 704 3504 in
716 3443 846 3506 Polonioe
856 3462 948 3524 regno
959 3442 1074 3506 institui
1081 3444 1272 3522 juventutem
1278 3465 1370 3527 opor-

222 3544 303 3616 teat,
326 3537 535 3618 gravissimum
554 3556 651 3621 nuper
672 3549 718 3602 est
730 3559 841 3605 munus
857 3542 1083 3607 demandatum.
1107 3546 1187 3607 Nam
1202 3564 1274 3609 cum
1289 3548 1370 3629 leges

222 3641 383 3717 propterea
399 3635 564 3697 sanciendas
581 3636 734 3716 pertinere
746 3637 911 3718 plurimum
931 3638 970 3703 ad
982 3659 1082 3703 mores
1087 3641 1257 3722 ,pietatem
1271 3651 1302 3705 et
1313 3662 1369 3704 ca-

220 3731 338 3793 th'olicoe
358 3732 448 3794 etiarn
473 3732 625 3814 religionis
643 3733 844 3815 integritatem
858 3737 994 3816 possint,
1011 3747 1187 3819 pergratum
1199 3741 1294 3804 Nobis
1311 3741 1369 3804 luit

219 3836 250 3890 tc
261 3828 368 3890 iisdem
382 3828 510 3891 ferendis
522 3848 582 3892 non
595 3830 693 3893 solum
702 3830 880 3909 affuturum,
889 3832 943 3896 sed
954 3834 1270 3915 profuturumetiam,
1282 3838 1372 3919 crqrrs¹

219 3926 399 4004 pastoralem
410 3926 541 3989 in'rebus
554 3927 726 4006 hujusmodi
744 3928 927 4008 vigilantiam
947 3932 1060 4012 optime
1074 3933 1234 4014 cognitam·
1240 3942 1272 3997 et
1284 3953 1366 3997 com-

218 4030 336 4103 pertum
355 4023 513 4086 habemus.
535 4025 732 4089 Nihilominus
746 4046 802 4107 pro
821 4030 991 4110 apostolica·
1004 4031 1364 4109 etiam'nostroomnium

218 4122 414 4185 ecclesiarum
432 4121 631 4187 sollicitudine
645 4125 676 4186 in
694 4143 726 4186 ra
746 4126 870 4189 maximi
889 4128 928 4190 sd
948 4129 1017 4191 lidei
1037 4118 1279 4200 incolumitatem
1295 4149 1373 4193 mo·—.

218 4220 322 4298 nunti,
330 4227 367 4282 et
378 4227 448 4301 qun
457 4219 588 4301 proinde
602 4222 816 4304 episcoporum
828 4224 1013 4304 diligentiam
1026 4226 1157 4294 excitare
1170 4241 1364 4311 summopere

217 4315 328 4395 debet,
337 4318 384 4380 ad
396 4319 474 4381 lianc
489 4326 574 4381 tuam
586 4318 938 4385 eximiamslacritatem
954 4322 1053 4387 stadia
1065 4323 1159 4387 etiam
1174 4325 1364 4391 cohortatio-

95 4495 98 4499 ι
217 4422 328 4494 nesque
337 4416 667 4498 nostrasadjungandas
678 4419 827 4485 duximus.
840 4421 1372 4503 Ateitaquepetimuqllaneraltilis.

197 4513 439 4594 ·Frater,⁴‘teq'ue
459 4523 556 4596 quam·
569 4516 705 4579 moxime
726 4518 759 4583 in
779 4518 908 4585 Domino
924 4536 1095 4610 possumne
1103 4508 1373 4612 aduertamus-ut.
