3188 5414
225 502 277 552 236
652 496 853 551 CLEMENTIS
874 495 939 550 XIV

223 593 401 682 patrocinio,
417 597 458 659 ita
471 603 504 660 ut
515 599 661 680 quidquid
669 600 930 662 accommodatum
944 598 980 660 iis
992 603 1163 678 essepotest
1172 598 1218 659 vel
1229 597 1271 660 ad
1282 598 1372 679 pieta·

223 701 281 777 tis,
299 715 335 761 ac
355 695 504 776 religionis
523 696 674 775 studium,
695 717 756 778 quo
768 717 820 759 eos
835 698 961 776 tlagrars
977 701 1096 778 oportet
1109 741 1117 773 ,
1132 693 1375 757 conservandum

224 794 473 876 augendumque,
489 794 535 854 vel
554 795 593 856 ad
606 795 749 874 regularis
760 794 922 876 disciplina
937 795 1158 875 integritatem,
1171 794 1283 875 siquid
1296 795 1376 855 forte

223 911 312 973 passa
333 894 371 954 sit
387 892 575 970 detrimenti,
598 893 834 954 cumulatissime
854 889 1087 969 restituendam,
1108 891 1157 954 vel
1173 892 1212 954 ad
1225 892 1375 972 quaslibet

223 989 440 1071 propulsandas
450 989 570 1070 penitus
583 988 791 1068 difficultates,
804 1009 871 1070 que
881 991 1096 1072 impedimento
1106 996 1196 1070 suut,
1210 993 1375 1072 quominus

223 1087 391 1148 uberrimos
402 1085 468 1146 illos
487 1103 646 1166 procreare
664 1088 779 1167 possint
792 1087 926 1167 fructus,
941 1109 977 1152 ac
991 1091 1193 1172 amplissimas
1209 1091 1371 1166 utilitates,

223 1202 303 1264 quas
315 1190 345 1244 et
356 1182 495 1244 universa
513 1182 680 1244 Christiana
697 1184 884 1264 respublica,
897 1194 927 1249 et
937 1186 1026 1249 beata
1043 1189 1228 1268 populorum
1240 1188 1322 1249 salus
1334 1187 1373 1249 ab

222 1283 258 1344 iis
271 1282 401 1344 maxime
415 1280 557 1360 efflagitat
572 1281 715 1361 avideque
732 1285 935 1363 praestolatur,
952 1285 991 1347 ad
1005 1285 1035 1346 id
1049 1303 1140 1347 omne
1154 1284 1245 1346 facile
1255 1285 1373 1346 libenti·

222 1399 280 1461 que
294 1379 395 1442 animo
415 1379 458 1439 eis
478 1378 748 1458 suppeditandum,
772 1379 926 1462 effuseque
948 1381 1139 1462 largiendum
1152 1380 1290 1462 prompti
1306 1396 1371 1440 esse

221 1475 328 1557 quovis
344 1483 479 1556 tempore
488 1475 670 1552 debeamus,
681 1483 772 1556 atque
786 1479 896 1557 parati.
911 1480 973 1541 Hos
990 1479 1069 1541 iuter
1082 1479 1220 1558 egregios
1246 1478 1278 1538 iu
1287 1476 1372 1538 vinea

221 1573 341 1635 Domini
363 1572 514 1652 operarios
538 1591 575 1632 ex
597 1591 727 1652 quorum
747 1575 873 1637 assiduis
893 1575 1048 1638 laboribus
1068 1574 1238 1637 maximum
1256 1591 1372 1654 semper

223 1673 328 1734 Christi
342 1671 481 1732 Ecclesia
492 1670 584 1732 decus
596 1673 721 1733 accessit
731 1718 739 1751 ,
751 1683 975 1754 ornamentum,
986 1686 1016 1738 et
1030 1677 1223 1758 presidium,
1245 1677 1371 1756 eosjure

222 1789 258 1831 ac
267 1769 375 1831 merito
387 1770 652 1848 recensemus‘qui
664 1776 766 1832 sancte
777 1773 925 1835 Dominici
935 1774 1060 1855 vestigia
1074 1781 1237 1852 sectantes,
1248 1782 1371 1853 etregu·

221 1867 266 1928 las
279 1867 436 1947 inclytum,
449 1866 546 1944 deque
557 1864 724 1926 Christiana
737 1868 893 1947 republica
905 1870 1020 1950 optime
1034 1872 1176 1932 meritum
1185 1870 1372 1933 constituunt

221 1965 388 2044 regularem
402 1962 539 2023 ordinem
559 1963 698 2023 Fratrum
715 1964 950 2028 Pradicatorum
968 1974 1191 2049 nuncupatum.
1207 1968 1288 2029 Hinc
1301 1984 1372 2028 mu-

220 2062 300 2123 neris
310 2059 405 2123 nostri
421 2059 499 2120 ratio
508 2065 539 2120 et
554 2058 745 2122 vehementer
756 2067 859 2141 optat,
874 2069 905 2123 et
920 2061 1019 2125 modis
1030 2063 1171 2124 omnibus
1183 2062 1372 2143 expostrdat,

221 2168 255 2221 ut
269 2156 422 2239 quibusvis
437 2157 502 2235 ejus
511 2156 694 2235 commodis,
709 2165 857 2238 quantum
868 2160 899 2221 iu
917 2160 1045 2222 Domino
1061 2179 1245 2241 possumus,
1269 2160 1373 2222 sedulo

220 2259 460 2340 prospiciamus,
471 2274 691 2336 caveamusqus
704 2257 940 2337 diligentissime,
949 2258 1063 2339 nequid
1077 2257 1211 2320 inultam
1221 2260 1289 2338 ejus
1299 2277 1374 2339 par-

220 2362 282 2416 tem
291 2356 402 2433 irrepat
412 2397 420 2430 ,
429 2370 466 2412 ex
479 2370 540 2432 quo
552 2352 693 2432 splendor
704 2353 753 2414 ille
764 2355 1017 2435 locupletissimus
1028 2355 1162 2436 pietatis,
1175 2363 1206 2417 et
1215 2355 1372 2430 doctriua,

220 2474 280 2534 quo
291 2454 453 2535 preclarus
459 2451 509 2512 hic
519 2451 593 2513 ordo
604 2451 750 2513 haetenus
759 2451 870 2533 ubique
878 2454 1011 2528 emicuit,
1020 2453 1140 2534 aliquod
1151 2455 1200 2515 vel
1208 2452 1373 2515 minimum

219 2553 351 2636 patiatur
365 2551 588 2612 detrimentum.

254 2653 398 2714 ¹Relatum
420 2667 511 2729 porro
529 2648 622 2709 Nobis
648 2647 725 2726 fuit,
753 2648 913 2728 collegium
934 2649 1035 2711 Sancti
1058 2648 1165 2710 Jacobi
1190 2647 1374 2710 eorumdem

219 2757 358 2816 Fratrum
374 2749 611 2812 Praedicatorum
627 2745 748 2809 Parisiis
766 2746 872 2825 situm,
891 2766 986 2829 eoque
1005 2746 1204 2809 saluberrimo
1216 2745 1371 2808 constitu-

218 2860 284 2912 tum
298 2847 440 2926 consilio,
455 2852 489 2907 ut
501 2844 539 2907 ad
559 2844 648 2922 illud,
665 2851 810 2924 tanquam
826 2844 864 2906 ad
879 2845 1105 2906 celeberrimam
1119 2843 1263 2924 pictatia,
1277 2849 1309 2904 et
1320 2843 1375 2904 lit-

218 2956 352 3011 terarmn
367 2964 485 3023 arcem,
503 2943 615 3005 alumni
627 2942 762 3022 ejusdem
778 2941 892 3004 ordinis
907 2961 945 3004 ex
960 2941 1107 3004 universis
1119 2941 1289 3004 Galliarum
1300 2943 1376 3003 Pro-

218 3045 323 3107 vinciis
348 3042 544 3119 accedentes,
568 3041 600 3101 iu
627 3039 747 3101 assidua
767 3046 798 3101 et
817 3040 962 3120 regularis
981 3039 1168 3121 disciplina,
1189 3046 1221 3102 et
1244 3039 1376 3101 sanioris

218 3141 359 3203 doctrina
377 3138 589 3200 exercitatione
604 3138 647 3198 ita
660 3145 825 3216 versentur,
841 3145 875 3199 ut
887 3138 1074 3218 amplissimo
1092 3138 1164 3199 inde
1182 3136 1285 3199 decori
1298 3136 1374 3198 affe-

218 3237 311 3298 rendo
328 3235 466 3296 universo
479 3234 580 3294 Ordini
593 3279 601 3311 ,
614 3241 645 3293 et
665 3234 837 3296 Christiane
850 3236 1021 3316 reipublice
1034 3236 1156 3297 utilitati
1178 3234 1382 3311 cumulandas⁸

219 3332 281 3412 apti
300 3331 393 3405 fiant,
411 3336 441 3390 et
457 3329 577 3404 idonei,
595 3317 756 3409 apristina'
768 3348 829 3391 non
842 3350 951 3412 parum
967 3330 1129 3411 dignitate,
1147 3350 1184 3393 ac
1195 3330 1369 3394 celebritate

218 3428 348 3494 nominis
362 3446 427 3490 esse
447 3428 639 3508 prolapsum,
654 3434 720 3488 tum
739 3429 779 3490 ob
793 3430 983 3492 imminutam
1005 3430 1149 3510 regularis
1168 3429 1298 3492 instituti
1313 3430 1371 3492 ob·

218 3526 409 3603 servantiam,
420 3543 490 3586 curn
499 3525 539 3586 ob
549 3525 592 3586 rei
603 3525 776 3588 domestica
787 3527 1078 3591 administrationem
1091 3547 1153 3590 non
1163 3527 1223 3590 rite
1233 3534 1371 3608 gestam;

218 3633 307 3704 atque
325 3622 437 3684 idcirco
459 3640 497 3682 ne
522 3622 560 3683 ad
584 3622 722 3683 ultimum
736 3643 813 3705 pene
832 3625 982 3686 excidium
999 3625 1171 3705 redigatur,
1193 3632 1374 3705 opportuno

217 3722 317 3801 aliquo
334 3718 508 3800 efficacique
533 3718 667 3781 remedio
682 3716 710 3780 ei
723 3739 815 3800 quam
828 3712 970 3782 citissime
982 3739 1047 3782 esse
1058 3719 1290 3783 consulendum.
1306 3723 1373 3783 Ex-

216 3821 348 3903 positum
366 3835 486 3898 quoque
506 3817 599 3879 Nobis
614 3817 669 3878 fuit
690 3837 727 3878 ex
750 3826 837 3898 parte
860 3819 1006 3881 carissimi
1022 3821 1052 3881 in
1067 3820 1183 3881 Christo
1197 3818 1253 3879 filii
1272 3821 1372 3881 nostri

215 3917 357 3983 Ludovici
364 3916 452 3996 Regis
460 3915 714 3994 Christianissimi,
724 3916 821 3996 aptius
829 3918 956 3994 nullum,
970 3924 1001 3978 et
1014 3915 1275 3980 accommodatius
1286 3915 1374 3978 inve-

215 4019 273 4079 niri
287 4034 376 4098 posse
391 4013 557 4076 remedium
570 4014 608 4075 ad
621 4015 701 4075 idam
713 4015 876 4094 Collegium
891 4016 929 4077 ab
941 4034 989 4094 eo,
1005 4016 1035 4076 in
1047 4034 1108 4096 quo
1120 4032 1203 4075 nunc
1217 4020 1372 4092 versatur,

216 4115 387 4177 discrimine
399 4112 438 4174 ad
461 4111 703 4173 florentissimum
726 4131 815 4173 suum
828 4113 987 4192 pristinum
1007 4119 1119 4174 statum
1138 4105 1371 4191 revocandum,

216 4210 350 4287 quamsi
376 4209 432 4270 sub
458 4206 632 4268 immediata
651 4208 787 4287 magistri
811 4209 957 4286 generalis
972 4209 1066 4269 totius
1088 4206 1206 4268 Ordinis
1218 4192 1372 4269 'Fratrum

215 4305 445 4368 Pradicatorum
460 4304 679 4385 jurisdictione,
698 4314 729 4368 et
742 4325 816 4368 cura
830 4307 1043 4384 constituatur,
1061 4311 1091 4368 et
1107 4304 1273 4386 apostolica
1285 4323 1372 4386 pres

217 4407 297 4461 terea
309 4401 444 4478 ejusdem
453 4400 569 4480 collegii
580 4409 688 4481 agatur
699 4402 844 4480 visitatio,
859 4421 913 4483 per
922 4421 1014 4482 quam
1026 4421 1081 4483 pro
1090 4403 1241 4464 malorum
1250 4399 1367 4462 ibidem

217 4497 379 4580 vigentium
390 4500 531 4563 varietate
552 4498 674 4580 optimae
687 4500 854 4563 condantur
865 4502 945 4579 leges
957 4506 1103 4580 perpetuo
1116 4497 1283 4562 servanda.
