3188 5414
388 497 567 556 EPISTOLAE
586 500 632 552 ET
651 501 787 554 BREVIA
805 500 1036 555 SELECTIORA.
1251 506 1282 556 lt

142 623 201 685 qno
213 605 359 666 incolume
374 605 423 681 sit,
437 613 480 678 ut,
493 606 576 666 nulla
590 623 709 684 ruga-ao
718 605 839 666 macula
847 611 1013 680 contracta,
1025 604 1108 665 omni
1120 605 1286 668 christiane

142 704 259 764 virtutis
281 703 555 781 laudeinstruatur,
580 722 615 764 aa
626 703 735 782 vigeat.
746 701 831 776 Quod
842 702 964 781 quidem
973 701 1074 762 divina
1085 719 1142 782 ope
1153 703 1286 782 prestari

144 820 161 859 a
174 799 264 860 Nobis
279 800 405 879 poterit,
418 801 444 860 si
460 819 515 880 pro
528 800 683 861 ,virili-sua
696 800 822 880 quisque
837 799 991 861 commissi
1009 799 1065 860 sibi
1079 799 1176 879 gregis
1186 799 1285 861 studio
1386 796 1389 801 ’

142 894 330 976 exardescet,
345 900 380 960 si.
391 900 441 960 illa
455 917 515 961 una
524 899 648 979 singulis
662 899 803 962 insidebit
814 917 886 961 cura
899 899 1003 980 populi
1017 898 1116 976 suiab
1128 897 1211 960 omni
1222 917 1286 960 ma-

141 998 239 1058 lorum
260 997 455 1077 contagione,
477 1004 567 1076 atque
587 1010 725 1060 errorum
746 997 860 1059 insidiis
879 995 1072 1073 removendi,
1095 1013 1130 1058 ao
1145 996 1297 1074 omuibus,

142 1094 288 1155 doctrinae
296 1095 521 1174 sanctitatisque
533 1095 673 1157 subsidiis
684 1094 909 1174 diligentissime
923 1092 1088 1154 muniendi.

179 1192 359 1269 Hujusmodi
373 1193 542 1255 animarum
555 1193 660 1256 salutis
671 1193 837 1274 cupiditate
849 1192 874 1253 si
887 1209 1021 1271 unquam
1032 1209 1096 1268 eos,
1106 1191 1159 1271 qui
1169 1192 1286 1254 tuendae

139 1287 231 1349 vineae
245 1289 363 1350 Domini
377 1296 519 1370 presunt,
531 1291 677 1354 excitatos
698 1309 762 1353 esse
780 1289 931 1370 oportuit,
947 1289 1184 1369 hocpraesertim
1204 1295 1295 1351 tem-⁴

139 1403 211 1462 pore
227 1385 294 1448 illos
312 1386 833 1469 inflammariest‘pernecessarium.
855 1385 981 1460 Quando
997 1384 1079 1461 enim
1100 1391 1164 1446 tam
1181 1386 1287 1448 multi-

139 1481 249 1560 plices,
264 1489 328 1544 tam
341 1484 446 1545 noxias
458 1484 519 1545 sive
540 1484 579 1545 ad
593 1484 852 1562 labefactandam,
865 1483 926 1547 sive
937 1481 976 1545 ed
987 1482 1150 1555 tollendam
1161 1484 1287 1564 religio-

140 1595 214 1639 nem
222 1580 331 1641 exoriri
344 1580 407 1643 lere
418 1581 562 1661 qnotidie,
574 1589 606 1644 et
619 1581 807 1644 circumferri
817 1582 992 1663 opiniones,
1006 1582 1130 1662 quando
1144 1581 1286 1645 novitatis

141 1677 280 1740 illecebra
294 1679 401 1758 »magis
423 1679 561 1742 inductos
588 1680 744 1757 homines,
766 1685 796 1740 et
815 1679 948 1758 quadarn
968 1679 1131 1761 peregrinae
1155 1678 1297 1746 scientiae.

140 1774 282 1836 aviditate
298 1783 465 1856 pertractos
482 1778 520 1839 ad
540 1777 620 1840 hanc
639 1779 811 1855 continere,
831 1785 925 1857 alque
944 1777 1072 1839 eandem
1091 1777 1295 1853 libentissime

138 1873 314 1952 conquirere
336 1874 487 1935 vidimusi
501 1874 582 1936 unde
601 1876 770 1936 animarum
790 1880 921 1954 pestem,
942 1880 973 1935 et
985 1872 1149 1953 perniciem
1166 1873 1296 1953 ostendi,

138 1967 228 2030 latius
239 1969 269 2029 in
281 1969 360 2046 dies,
376 1989 411 2032 ac
422 1970 588 2056 naiserrime
596 1971 756 2052 propagari
768 1971 915 2032 dolemus.
931 1972 1029 2044 Quare
1039 1988 1077 2035 eo
1089 1968 1187 2051 acrius
1200 1969 1286 2050 uobis
1315 1990 1323 2004 ·

139 2064 422 2145 eritnlaborandum,
441 2067 633 2129 venerabiles
651 2070 791 2145 Fratres,
802 2085 966 2147 omnesque
982 2067 1029 2127 vel
1048 2065 1218 2144 diligentiae,
1239 2067 1293 2131 rel

141 2165 329 2227 auctoritatis
348 2166 427 2227 vires
442 2165 608 2243 exerendae,
621 2165 743 2227 uthanc
760 2171 895 2241 tantam,
909 2183 944 2227 ac
963 2163 1000 2225 de
1013 2161 1240 2239 divinisetiam,
1256 2169 1293 2223 et-

123 2335 125 2338 ·
140 2262 333 2325 sanctissimis
347 2264 638 2344 rebusgrassantem
649 2261 861 2338 temeritatem,
880 2267 970 2340 etque
993 2259 1142 2320 insaniam
1157 2259 1287 2339 repella-

139 2359 276 2422 tis.1Non
290 2361 578 2443 incorruptibilibus
593 2380 628 2423 ac
641 2362 727 2424 vanis
737 2362 879 2423 humanae
892 2358 1047 2439 sapientiae
1057 2357 1219 2438 praesidiis,
1234 2359 1287 2421 sed

140 2455 170 2517 in
184 2457 374 2538 simplicitate
386 2460 530 2522 doctrinae
540 2483 556 2538 ,·
567 2478 602 2521 ac
614 2460 648 2520 in
665 2460 757 2520 verbo
773 2457 826 2519 Dei
836 2456 1067 2538 penetrabiliore
1087 2455 1169 2517 omni
1185 2455 1286 2535 gladio

140 2554 262 2634 ancipiti
273 2542 429 2618 dumtaxat
441 2574 494 2618 vos
509 2555 583 2618 illud
596 2553 975 2618 consecuturosoonfidite.
990 2556 1068 2615 Tum
1082 2551 1218 2614 hostium
1232 2552 1293 2613 irn-¹

139 2656 226 2729 petus
239 2666 377 2714 coercere
388 2652 475 2714 lacile
487 2653 641 2733 potentie,
663 2660 755 2733 atque
767 2650 1008 2715 adversariorum
1028 2651 1088 2711 tela
1106 2649 1285 2726 retundere,

139 2764 215 2808 cum
224 2748 255 2809 in
268 2749 408 2810 omnibus
421 2749 609 2810 sermonibus
620 2749 728 2811 vestris
739 2751 845 2812 Jesum
854 2747 1005 2811 Christian
1018 2746 1199 2810 crucifixum
1212 2765 1293 2829 prae-i

138 2843 240 2904 seretis
251 2863 288 2905 ac
297 2845 509 2925 predicabitis.
527 2844 595 2905 Suis
606 2844 781 2922 illelegibus
795 2850 885 2924 atque
899 2845 1042 2907 institutis
1055 2851 1191 2907 sanctam
1207 2845 1287 2906 hanc

139 2940 407 3017 civitatempsuam
419 2941 565 3002 nimirum
577 2941 761 3018 Ecclesiam,
781 2942 929 3019 condidit,
945 2948 976 3003 et
996 2941 1203 3003 communivit.
1220 2943 1287 3005 Suae

139 3035 370 3117 fideitanqoam
395 3037 566 3118 depositum
584 3044 667 3099 caste
684 3040 794 3120 pieque
814 3039 1045 3102 custodiendum
1061 3039 1132 3102 huic
1151 3038 1288 3100 tradidit..

140 3135 208 3197 Sue
219 3133 419 3198 doctr-ineas
436 3137 570 3198 veritatis
589 3137 669 3200 hanc
689 3157 752 3200 esse
768 3138 862 3200 voluit
883 3137 1094 3200 firmissimum
1111 3137 1290 3199 munimen.

138 3233 375 3310 tum,‘·adrersus
388 3252 482 3315 quam
494 3240 590 3314 portae
604 3233 692 3296 inferi
705 3253 861 3315 nunquam
880 3234 1087 3315 praevalerent.
1108 3235 1169 3296 Nos
1184 3234 1285 3314 igitur,

138 3333 336 3396 venerabiles
347 3334 482 3411 Pretiae,
495 3332 625 3395 civitatis
634 3339 755 3395 sanctae
769 3331 923 3409 Praesides,
932 3349 974 3393 ao
989 3331 1091 3412 vigiles
1110 3331 1190 3393 bano
1208 3332 1287 3410 ejus-

138 3426 208 3492 dem
219 3431 382 3493 conditoris
394 3431 526 3509 Domini,
541 3449 578 3493 ac
591 3432 724 3512 magistri
736 3432 830 3494 nostri
844 3431 956 3510 legum,
968 3446 1008 3490 ac·
1017 3427 1287 3509 lideipraeclacissi·

139 3547 234 3606 mam,
249 3528 454 3591 hereditatem
467 3529 560 3592 Nobis
577 3548 631 3611 per
651 3530 781 3606 majores
794 3535 914 3590 nostros
935 3526 1126 3606 integerrime
1145 3524 1287 3587 traditam

140 3626 295 3706 diligenter
307 3633 457 3706 tueamur,
473 3646 516 3689 aa?
525 3629 564 3690 ad
576 3635 713 3710 posteros
726 3635 846 3690 nostros
858 3645 984 3709 puram,
1001 3634 1090 3705 atque
1104 3624 1287 3686 incolumem

139 3723 390 3786 transmittamus.
414 3725 461 3786 Ad
471 3724 551 3788 hanc
567 3726 600 3788 in
620 3724 718 3786 Sacris
732 3724 838 3785 litteris
858 3729 1014 3802 acceptam
1034 3741 1174 3784 normam
1190 3721 1285 3795 facta,

139 3828 175 3882 et
186 3821 427 3884 consilianostra
437 3825 540 3885 omnia
550 3824 722 3903 dirigentes,
736 3829 881 3905 praeterea
894 3824 1019 3883 Petrum
1033 3827 1205 3882 nostrorum
1219 3835 1288 3878 cor-

139 3920 261 3981 tissimis
280 3921 456 3983 inhaerentes
475 3921 606 4001 vestigiis
623 3923 868 3985 instructissimos
883 3921 944 3981 Nos
957 3919 1074 3981 futuros
1087 3926 1230 4000 putemus
1247 3916 1286 3976 ad

139 4037 244 4080 omnes
268 4019 405 4081 vitandas
425 4019 625 4099 offensiones,
645 4017 884 4100 quae.christiani
903 4017 1007 4098 populi
1028 4017 1119 4078 fidem
1132 4014 1287 4084 debilitare

141 4117 276 4197 possint,
291 4136 327 4178 ac
340 4117 519 4196 infringere,
537 4125 627 4198 atque
642 4118 780 4180 Ecclesia
792 4117 938 4178 unitatem
954 4116 1015 4176 ulla
1030 4134 1066 4176 ex
1080 4120 1166 4195 parte
1178 4111 1288 4172 dissol-

140 4233 220 4277 vere.
232 4216 279 4276 Ab
294 4216 351 4278 illis
372 4216 478 4277 divina
496 4216 648 4297 sapientiae
666 4217 816 4291 tontibus,
840 4214 953 4295 scripta
973 4212 1103 4287 seilicet,
1116 4208 1286 4290 traditaque

140 4312 568 4392 doctrina,quaecumque·sive
580 4313 619 4374 ad
630 4313 830 4388 credendum,
841 4312 902 4374 sive
917 4311 956 4374 ad
968 4308 1118 4390 agendum
1132 4306 1287 4386 requirune

140 4413 201 4484 tur,
216 4407 427 4469 tantummodo
440 4409 635 4471 hauriamus,
1094 4417 1095 4420 ’
1201 4469 1203 4473 ,

181 4506 213 4564 ln
227 4504 347 4584 gemino
365 4506 445 4567 enirn
458 4506 517 4568 lroc
527 4506 770 4587 locupletissimo
785 4506 917 4568 veritatis
932 4525 967 4567 ac
981 4503 1099 4564 virtutis
1113 4501 1211 4565 omnis
1224 4503 1287 4563 ins-
