3188 5414
480 520 661 576 EPISTOLAE
681 520 726 576 ET
744 512 876 575 Bndvnt
897 521 1129 577 succurrent.
1327 526 1382 575 att.

187 623 193 648 ⁴
230 622 546 687 orrrnemindustriam
568 634 652 689 tuam
669 628 700 688 iu
719 646 756 689 eo
770 621 910 703 colloces,
929 634 962 688 ut
980 645 1018 688 ne
1032 626 1186 707 quidpiam
1200 626 1307 697 restris
1321 626 1383 687 de-.

153 719 155 724 ’
228 721 322 781 eretis
344 739 379 783 ac
391 722 505 801 legibus
515 724 553 786 de
567 725 778 806 episcoporum
791 724 894 786 debite
903 723 1056 804 vigilantia
1067 723 1253 799 detrahatur,
1270 723 1384 803 quibus

230 835 331 878 rerum
347 815 385 878 ad
399 818 571 898 religionem
584 819 1031 902 spectantiumomninoomnis
1046 819 1191 881 attributa
1208 834 1384 898 esseopepa

230 913 331 975 debet.
346 916 509 995 Propterea
522 916 577 977 tibi
591 917 786 978 vehementer
798 923 844 977 est
863 915 1059 995 satagendum
1077 923 1111 977 ut
1126 914 1179 996 qui
1190 915 1384 996 jurentutem

232 1010 624 1092 instituunt,episcoporum
631 1030 711 1089 curae
719 1020 809 1092 atque
816 1010 988 1073 auctoritati
995 1012 1203 1091 subjiciantur,
1213 1012 1383 1093 prasertim.

230 1106 262 1167 in
275 1107 311 1168 iis
325 1107 426 1186 rebus,
438 1128 474 1170 ac
487 1109 662 1190 disciplinis,
673 1110 741 1190 quae
753 1127 826 1171 cum
835 1109 985 1189 religionis
996 1109 1112 1172 acfidei
1127 1109 1270 1172 institutis
1280 1110 1396 1190 magis·

230 1223 322 1283 nexa,
337 1212 367 1267 et
379 1205 524 1286 colligata
542 1206 612 1275 sint.
628 1204 757 1269 Proinde
775 1206 875 1281 uttsui
891 1205 1159 1286 ergareligiouem
1172 1205 1270 1267 officii
1290 1206 1384 1286 iden·

230 1304 323 1367 tidem
336 1314 597 1385 commoneantur,
612 1306 686 1368 illud
696 1307 788 1375 etiam
801 1299 980 1382 curandum,
990 1311 1026 1368 ut
1033 1322 1139 1367 omnes
1152 1304 1384 1385 disciplinarum.

230 1400 362 1481 magistri
376 1402 406 1471 in
419 1401 589 1464 inchoanda
601 1402 806 1479 institutione,
818 1409 849 1463 et
860 1402 982 1482 singulis
996 1402 1105 1464 deinde
1120 1401 1216 1478 anuis,
1236 1408 1327 1482 prout
1347 1401 1383 1464 in·

229 1495 295 1559 aliis
305 1493 397 1560 etiam
411 1499 507 1580 -lyceis
518 1499 568 1578 lit,
584 1495 688 1562 coram
706 1499 853 1580 episeopis
865 1498 955 1560 fidem
975 1499 1156 1562 catholicam
1174 1499 1308 1579 profiteri
1320 1499 1384 1560 de-›

229 1592 329 1659 leant.
341 1600 415 1661 Cum
422 1618 493 1661 vero
500 1600 608 1663 scholae
618 1619 675 1682 pro
685 1600 895 1681 episcoporum
905 1598 1074 1660 seminariis
1081 1617 1119 1660 ex
1127 1598 1384 1661 'hidarum-con·

228 1697 289 1759 cilii
300 1699 416 1778 legibus
429 1700 618 1763 institutam
632 1703 842 1783 episcoporum
855 1690 928 1762 item
939 1705 1088 1780 potestate
1107 1698 1168 1765 sint
1178 1696 1300 1778 posita,
1317 1699 1383 1760 hoo

162 1837 165 1843 -
227 1794 322 1855 etiam
335 1796 494 1875 diligentia
505 1798 779 1879 manarit-nequid
796 1797 866 1858 huic
878 1797 1030 1859 constanti
1048 1797 1079 1857 in
1099 1791 1382 1876 Ecclesia-lagidel

228 1898 360 1969 rogetur.
376 1895 437 1954 Nos
448 1894 570 1974 quidem
592 1897 647 1956 rei*
659 1895 804 1974 gravitate
826 1893 938 1954 inducti
956 1893 999 1954 ad*
1009 1893 1195 1954 carissimum
1209 1893 1240 1954 in
1255 1894 1383 1967 Christo,

228 1988 324 2049 filium·
336 1995 472 2052 nostrum
486 1982 668 2053 stanislaum
681 1994 851 2071 Augustum
869 1989 998 2051 Poloniae
1011 1991 1123 2068 Regem
1137 1990 1292 2057 Illustrem·
1303 1990 1384 2051 dare·

227 2084 341 2147 litteras
356 2087 523 2166 voluimus,
537 2087 648 2169 quillus
661 2088 704 2150 illi
713 2089 799 2150 ‘hanc
813 2088 963 2168 religionis
979 2104 1085 2150 curem
1097 2087 1129 2148 in
1148 2084 1326 2149 statuendis·
1337 2088 1384 2150 de¹

228 2181 344 2245 ratione
358 2184 526 2247 studiorum
541 2185 708 2266 legibus,et
719 2185 750 2246 in
765 2185 977 2265 episcoporum
992 2177 1161 2265 propterea
1170 2183 1281 2246 tuenda
1299 2203 1382 2246 auc--

228 2281 350 2344 toritate
369 2283 560 2346 vehementer
580 2280 839 2347 commendamus.
861 2283 919 2344 Sed
937 2284 1161 2362 te-multaqua
1178 2282 1382 2364 polleszapud:

227 2399 329 2459 regem
348 2382 444 2461 gratia
468 2381 761 2444 commendationem
785 2387 920 2442 nostram
945 2379 1110 2461 plurimum
1128 2379 1321 2458 adjuturann,
1343 2389 1383 2441 et-

227 2495 348 2540 omnem
358 2498 394 2541 ea
403 2480 440 2542 de
452 2499 484 2541 re
498 2480 711 2560 cogitationem
719 2484 854 2541 nostram
863 2476 1018 2557 diligentia
1027 2484 1091 2554 tua,
1101 2483 1132 2539 et
1140 2496 1201 2558 qua
1209 2476 1373 2540 instructus

226 2593 276 2651 es,
291 2593 392 2637 rerum
411 2575 624 2656 intelligentia,
645 2575 685 2636 ad
706 2593 848 2656 eosquos
868 2573 1142 2661 optamus,>exitus
1155 2575 1383 2655 perducturum·

225 2672 414 2734 confidimus.
430 2675 517 2734 Hunc
538 2672 569 2733 in
583 2672 707 2734 modum
729 2672 892 2753 episcopali
904 2678 958 2733 tuo
969 2672 1088 2733 muneri
1105 2671 1231 2733 mirifice
1251 2671 1383 2734 satiata-2

224 2767 393 2837 cies,recta
404 2768 570 2846 juventutis
589 2767 773 2831 institutioni
790 2767 944 2841 consules,
962 2772 993 2827 et
1013 2771 1172 2846 paternam
1190 2767 1381 2844 singularem-

224 2871 360 2926 uostram
376 2882 447 2943 erga
461 2871 492 2924 te
502 2862 660 2924 caritatem
672 2862 878 2942 amplificabis.
892 2857 928 2923 Iu
940 2863 1028 2940 cujus
1039 2861 1148 2940 egregii
1163 2868 1277 2940 ergata
1292 2878 1384 2942 pon-,

223 2962 309 3023 titicii
322 2960 417 3022 nostri
430 2959 522 3021 animi
543 2964 754 3037 argumentum
767 2957 965 3037 apostolicam
977 2956 1217 3019 benedictionem
1230 2957 1297 3033 tibi,
1307 2958 1371 3018 Ve-

222 3059 363 3121 nerabilis
385 3061 501 3136 Frater,
525 3063 638 3137 tuoque
661 3050 799 3119 universo
823 3055 936 3137 populo
958 3060 1150 3135 peramanter
1169 3053 1383 3135 impertimur..

223 3161 337 3218 Datum
355 3158 470 3229 Rome,
492 3156 575 3235 opud
585 3156 728 3216 Sanctam
742 3155 873 3214 Monam
889 3154 1045 3229 Majorcm,
1055 3153 1109 3212 aab
1126 3153 1249 3213 Annulo
1260 3154 1380 3214 Paua·

220 3260 308 3325 toris,
324 3256 372 3315 die
388 3266 422 3315 ta
435 3243 607 3316 decembris
619 3263 706 3327 tata,
720 3255 910 3331 poctptcatas
919 3255 1015 3313 nostri
1025 3257 1226 3330 annoquioto.

257 3368 360 3425 Eodem
378 3369 506 3442 Exemplo
524 3370 658 3442 Episcopo
674 3368 806 3427 Placenti.

714 3477 897 3495 -η-σ--ι-ηι

717 3575 864 3644 CCXLV.

479 3715 643 3773 comasino
666 3717 702 3757 m
724 3714 858 3760 cruusro¹
880 3714 964 3757 erato
987 3714 1105 3755 nesrac
1191 3701 1202 3728 ⁴

290 3777 543 3862 FERDINANDO
564 3802 785 3874 UTRIUSQUE
805 3802 958 3863 SICILIAE
977 3803 1026 3862 ET
1047 3803 1297 3890 HIERUSALEM

652 3910 740 3958 naar
760 3909 934 3960 ruuusrnr

505 3996 763 4076 -CLEMENS
790 3999 918 4076 PAPA
945 3997 1052 4075 XlV.
1160 4073 1161 4076 ,

657 4182 661 4192 ,
936 4133 1033 4191 ltomoe,
1043 4135 1073 4180 tt
1087 4130 1220 4183 decembris
1233 4134 1300 4181 177³.

260 4223 439 4293 Comacinae,
453 4228 509 4283 etc.
527 4223 657 4283 Summe
671 4228 801 4302 paterne
811 4226 920 4283 nostra
933 4219 963 4281 iu
977 4226 1007 4282 ta
1022 4219 1156 4281 caritatis
1174 4237 1218 4281 ec
1228 4218 1363 4284 onmium
1377 4261 1381 4273 2

218 4316 387 4382 officiorum
398 4337 506 4400 genere
519 4319 706 4400 plenissimas
716 4320 782 4398 jam
795 4325 861 4379 tum
878 4317 919 4379 ad
927 4316 1050 4396 Regiam
1062 4318 1163 4378 Tuam
1177 4316 1362 4394 Maiestatem
1375 4355 1379 4378 1

218 4413 332 4477 litteras
350 4416 552 4492 dedissemus,
570 4417 788 4498 cumprimum
803 4417 914 4496 protui
935 4415 1025 4477 animi
1040 4415 1245 4494 magnitudine
1255 4415 1377 4496 ‚prieti-2

218 4529 288 4572 nam
302 4514 459 4577 Beneventi
472 4534 508 4577 ac
519 4515 622 4578 Pontis
634 4514 720 4577 Corvi
731 4513 949 4594 possessionem
960 4513 997 4597 ad
1011 4514 1071 4574 Nos
1083 4512 1223 4575 deferres.
1237 4513 1295 4593 Sed
1308 4513 1362 4574 lras
1379 4587 1382 4592 Ι
