3188 5414
694 108 895 163 Cluuienus
914 109 979 161 XIV

776 271 890 345 cxlii.

672 431 860 474 ventuosis!
883 431 996 472 FRATRI

391 537 562 597 ANTONIO
583 538 757 597 EUGENIO
778 533 1079 597 ARCHIEPISCOPO
1102 533 1293 594 EPHESINO

299 654 470 702 onurnnnro
486 653 620 711 ausono,
637 654 676 700 ar
692 653 894 700 nrosroucu
911 652 999 699 suuis
1016 653 1049 699 rn
1064 652 1228 699 cannonis
1243 649 1387 707 nuncio,

571 748 804 826 CLEMENS
833 751 962 827 PAPA
990 751 1097 826 XIV.

965 902 1059 958 nomae,
1074 903 1101 948 il
1116 897 1253 947 novembris
1265 901 1336 947 1770.

304 991 505 1060 Venerabilis,
520 996 577 1050 etc.
602 988 747 1069 Exposuit
766 989 858 1049 Nobis
877 987 1033 1049 carissima
1047 987 1077 1048 in
1098 986 1215 1048 Christo
1230 984 1295 1045 iilia
1311 991 1420 1046 nostra
1451 1007 1458 1081 j

260 1088 355 1149 biario
366 1086 509 1149 Theresia
517 1085 676 1165 Hungarie
689 1085 801 1165 Regina
815 1084 1000 1165 Apostolica,
1008 1102 1127 1145 necnon
1138 1081 1291 1145 ssohemia
1300 1080 1420 1160 &gina

261 1182 389 1245 illustris
400 1183 431 1244 in
440 1184 646 1244 Romanorum
656 1181 882 1262 imperatricem
893 1182 995 1242 Electa
1006 1180 1117 1259 Vidua,
1128 1181 1158 1241 in
1170 1177 1279 1259 amplis
1288 1195 1420 1240 suorum

159 1301 164 1312 “
261 1299 423 1359 regnorum
436 1280 620 1356 DitionibuS,
637 1297 708 1340 eum
719 1297 783 1340 esse
803 1278 949 1340 festorum
963 1278 1081 1341 dierum
1094 1295 1277 1354 numerum,
1292 1282 1328 1338 ut
1343 1276 1420 1356 piu-

260 1375 373 1438 rimnm
386 1377 491 1438 obesse
502 1394 573 1438 cum
585 1375 705 1436 utilitati
719 1376 861 1456 publicae,
874 1382 939 1436 tum
950 1376 1084 1457 religioni
1104 1377 1160 1458 ipsi
1172 1376 1327 1451 videatur3
1341 1392 1418 1436 nam

260 1481 291 1535 et
314 1474 496 1536 necessarias
519 1472 734 1554 agricolarum,
762 1471 970 1554 artificumque
995 1493 1102 1554 operas
1122 1491 1201 1556 saepe
1222 1471 1370 1559 impedit,
1386 1479 1418 1533 et

261 1571 301 1631 ob
313 1570 471 1633 hominum
484 1571 666 1653 pravitatem
679 1571 777 1651 magis
791 1570 871 1632 fovet
884 1571 996 1648 otium,
1012 1591 1107 1653 eaque
1125 1591 1193 1654 quae
1207 1589 1246 1633 ex
1263 1569 1329 1632 otio
1344 1568 1419 1631 oriri

261 1669 332 1731 vitia
360 1671 472 1746 solent,
499 1689 592 1750 quam
612 1670 716 1750 pietati
740 1669 901 1750 divinoque
917 1671 1016 1732 cultui
1040 1670 1201 1734 conducat.
1229 1670 1320 1732 Anno
1343 1670 1421 1750 qui-

260 1766 331 1827 dem
351 1768 514 1828 MDCCLlll
534 1767 770 1846 sapientissimus
787 1768 989 1847 praedecessor
1012 1776 1113 1832 noster
1138 1787 1181 1831 sa.
1196 1785 1290 1829 mem.
1313 1767 1421 1828 Bene-

260 1863 360 1925 dictus
382 1866 462 1940 XIV,
485 1863 636 1925 nonnuliis
658 1864 769 1924 idcirco
793 1865 899 1926 diebus
919 1865 1047 1944 lestivis,
1071 1867 1138 1948 ipsa
1160 1867 1202 1927 ita
1223 1860 1419 1946 postulante,

175 2028 177 2033 ,
261 1962 411 2041 Populum
423 1961 522 2023 cidem
537 1961 707 2039 subjectum
721 1960 758 2021 ad
776 1961 958 2025 audiendum
973 1983 1093 2026 sacrum
1114 1961 1306 2026 solummodo
1319 1963 1420 2024 teneri

261 2060 412 2136 decrevit,
425 2059 484 2121 alia
498 2078 570 2120 vero
584 2077 645 2120 non
660 2059 896 2121 exercendorum
908 2061 1060 2123 servilium
1073 2079 1200 2143 opernm
1209 2060 1293 2139 leges
1305 2057 1420 2120 solvit:

261 2156 315 2220 sed
327 2158 511 2239 experientia
524 2175 616 2238 porro
628 2161 818 2236 compertum
829 2175 894 2219 esse
908 2159 950 2220 ait
962 2178 998 2220 ac
1007 2159 1255 2240 comprobatum,
1267 2156 1372 2219 nullos
1383 2175 1421 2217 ex

261 2277 299 2319 ea
310 2257 504 2319 concessione
523 2255 639 2316 fructus
652 2253 799 2326 extitisse;
818 2272 914 2334 neque
934 2255 1134 2336 imposterum
1150 2254 1296 2317 extituros
1309 2259 1421 2334 putat,

260 2354 317 2416 nisi
332 2354 433 2435 plures
447 2353 546 2415 adhuc
558 2352 654 2429 ¹festivi
671 2351 735 2413 dies
754 2371 808 2433 per
821 2354 882 2415 Nos
892 2351 1121 2430 imminuantur,
1137 2371 1173 2414 ac
1188 2368 1312 2432 prorsus
1323 2350 1423 2411 tolla-

260 2462 322 2532 tur,
337 2453 418 2535 quod
443 2453 589 2515 hactenus
611 2450 761 2531 reliquum
778 2459 861 2530 erat,
884 2451 960 2513 sacri
982 2452 1019 2514 iis
1039 2450 1146 2513 diebus
1169 2448 1310 2511 audiendi
1324 2466 1420 2509 onus.

260 2552 336 2612 Cum
354 2550 419 2612 haec
432 2548 522 2630 igitur
540 2547 767 2630 augustissimae
784 2549 904 2630 Reginae
917 2547 1068 2612 nominea
1085 2546 1179 2611 Nobis
1191 2543 1422 2626 diligentissime

259 2648 461 2727 postulentur,
476 2653 600 2727 tamque
620 2663 726 2725 graves
745 2645 910 2708 afferentur
928 2666 1042 2725 causae,
1058 2647 1157 2709 lacere
1170 2643 1294 2707 nriuime
1305 2661 1423 2726 possu-

262 2738 345 2817 mus,
361 2748 395 2801 ut
412 2758 469 2820 pro
490 2747 594 2801 nostra
611 2739 704 2800 etiam
719 2740 860 2820 singulari
878 2742 907 2802 in
926 2761 994 2805 eam
1012 2742 1138 2804 caritate
1155 2741 1252 2804 eidem
1265 2746 1332 2802 tam
1349 2747 1422 2802 stn-

261 2836 360 2913 diose,
383 2843 414 2896 et
429 2835 467 2896 de
490 2836 647 2915 religione,
665 2835 747 2896 etde
769 2837 890 2916 publica
907 2839 1033 2901 utilitate
1059 2840 1222 2902 Nobiscum
1240 2836 1340 2917 agenti
1355 2854 1421 2899 non

263 2933 477 3014 obsequamur.
495 2934 615 2994 Nullam
630 2933 732 3013 itaque
747 2934 1005 3016 interponeremus
1018 2937 1060 3000 rei
1073 2956 1128 3018 per
1146 2939 1207 2999 Nos
1219 2933 1422 3017 suscipiendae

264 3040 299 3095 'ac
313 3031 507 3094 decernenda
520 3051 657 3108 moram,
681 3031 736 3092 nisi
750 3052 786 3095 ea
799 3036 860 3097 Nos
874 3036 1017 3099 retineret
1032 3037 1190 3118 cogitatio,
1209 3036 1240 3099 in
1258 3043 1346 3098 tanta
1367 3054 1423 3096 re-

262 3150 391 3215 gnorum
406 3130 619 3211 amplitudine,
644 3149 680 3207 ac
703 3133 887 3212 Populorum
902 3134 1079 3197 conditionis
1101 3133 1348 3214 necessitatisque
1363 3152 1422 3194 va-

263 3231 369 3293 rietate
381 3228 516 3291 accidere
534 3229 621 3291 facile
640 3249 745 3312 posse,
761 3239 794 3292 ut
812 3251 873 3293 una
887 3233 1051 3314 eademqne
1067 3232 1261 3295 concessione
1278 3236 1423 3295 nontam

261 3330 340 3393 bena
350 3327 555 3391 consuleretur
567 3328 725 3407 omnibus,
737 3348 829 3410 quam
841 3329 865 3392 si
875 3329 917 3392 ita
927 3335 1030 3392 nostra
1038 3331 1267 3392 moderaremur
1275 3330 1421 3403 Decreta,

264 3435 297 3491 ut
309 3426 417 3509 cuique
430 3426 543 3488 nationi
559 3446 594 3488 ac
609 3427 737 3507 populo,
750 3446 818 3508 quae
832 3427 1090 3505 convenientiora,
1104 3435 1134 3489 et
1148 3426 1187 3488 ad
1200 3425 1336 3487 divinum
1353 3426 1423 3487 crvi-

264 3535 344 3602 tum,
360 3531 390 3588 et
402 3523 441 3586 ad
454 3523 570 3584 civilem
583 3524 758 3586 societatem
772 3533 888 3602 essent,
903 3542 939 3586 ea
948 3525 1078 3587 maxime
1093 3523 1282 3605 largiremur.
1293 3523 1422 3584 Atcunr

263 3611 366 3686 omnia
381 3621 551 3702 singillatim
565 3621 705 3701 cognosci
721 3641 738 3682 a
759 3621 851 3683 Nobis
872 3628 961 3704 atque
982 3622 1108 3706 expendi
1125 3623 1157 3683 in
1173 3627 1260 3684 tanta
1276 3621 1422 3685 iocorum

264 3720 405 3783 distantia
416 3718 502 3781 focile
515 3735 576 3779 non
589 3718 721 3798 possint,
734 3725 829 3780 totam
841 3718 966 3797 hujusce
976 3719 1020 3782 rei
1039 3718 1252 3781 tractationem
1264 3712 1423 3780 mandan-

265 3817 336 3879 dam
346 3819 410 3897 tibi,
424 3816 610 3879 Venerabilis
620 3819 733 3890 Frater,
746 3817 897 3893 duximus,
907 3837 979 3880 cum
989 3824 1048 3880 tuae
1057 3816 1139 3894 iidei,
1153 3813 1312 3896 diligentiae
1321 3817 1423 3878 cona-

265 3915 365 3994 lioque
384 3915 447 3978 sine
461 3915 522 3976 ulla
539 3913 724 3976 dubitatione
737 3933 859 3996 prorsus
877 3914 1112 3994 acquiescamus.
1129 3915 1175 3975 Tu
1189 3912 1277 3975 isthic
1294 3910 1354 3973 loci
1369 3931 1421 3990 es,

266 4012 317 4072 ubi
331 4011 446 4074 facilius
458 4012 570 4088 omnia,
582 4029 650 4090 quae
662 4012 699 4072 ad
712 4031 776 4072 rem
789 4010 950 4092 pertinent,
961 4009 1118 4090 inspicere,
1133 4007 1295 4087 docerique
1307 4006 1421 4088 possis,

221 4193 226 4199 Ι
265 4127 361 4189 eaque
372 4127 462 4189 porro
470 4111 645 4188 decernere,
658 4128 723 4189 quae
736 4108 773 4170 ad
781 4109 870 4170 divini
885 4109 998 4184 cultus,
1009 4114 1039 4169 ct
1048 4108 1085 4168 od
1097 4106 1223 4187 publicae
1232 4104 1421 4186 populorum
