3188 5414
219 498 269 546 aaa
497 483 502 515 ³
644 491 847 546 CIAEIlfflTIS
867 491 930 543 xlv
1015 475 1017 482 '

218 596 438 676 sapientissimo
453 542 670 674 praedecessore
683 601 787 657 nostro
798 590 938 675 expertus
951 600 1009 671 est,
1023 592 1238 653 benevolentiae
1248 584 1383 654 tructus*

144 762 145 765 ,
217 695 389 757 desiderare
402 694 508 775 possit.
524 693 618 756 Valde
626 693 714 754 enim
734 692 873 772 cupimus
886 691 922 752 ils
930 688 1382 771 praeconcessam-op·-

217 790 288 852 tatis
297 791 416 866 vestris,
429 790 539 870 quibus
560 796 594 850 ut
609 788 647 852 ad
661 787 754 850 divini
769 788 868 850 cultus
878 787 1126 864 incrementum,
1142 785 1383 851 cenomanica

218 887 336 948 virtutis
345 887 543 948 imitationem
557 886 779 966 congregationi
794 891 897 947 vestra
909 885 1073 965 plurimum
1084 883 1253 946 ornamenti
1267 893 1307 946 ac·
1318 884 1376 946 dc-

220 983 298 1045 coris
309 983 443 1060 accedat,
459 982 509 1063 ple
524 983 700 1063 egregieque
712 981 902 1044 contenditis.
921 982 967 1042 Ac
979 981 1010 1042 in
1027 980 1118 1058 huius
1137 979 1300 1060 pontificia
1312 995 1385 1043 uo·-

219 1075 345 1145 luntatis⁴
356 1076 465 1156 pignus
477 1076 677 1158 apostolicam
697 1075 940 1143 benedictionem
951 1075 1023 1152 tibi,
1038 1075 1148 1136 dilecte
1169 1074 1227 1152 fili,
1247 1077 1383 1138 univer-f

205 1181 317 1254 'seque
340 1172 564 1253 congregationi
583 1180 641 1236 tna
662 1179 854 1253 peramanter
878 1172 1078 1253 impertimur.
1102 1174 1216 1234 Datum
1236 1177 1270 1232 tn
1295 1176 1387 1233 Arce·

222 1270 396 1348 (landulphi
416 1270 600 1335 Artemam
617 1270 767 1340 diocesis,
780 1276 859 1339 etc,
879 1271 930 1330 die
947 1281 982 1332 ιο
1003 1269 1130 1330 octobris
1147 1279 1235 1345 1770,
1248 1261 1384 1346 pontifi?

222 1375 307 1427 catus
321 1370 414 1429 nostri
423 1385 501 1430 oeno
519 1367 660 1429 secunda.

741 1581 851 1661 CVIII.

668 1758 812 1801 nicaenis
834 1758 930 1800 rinus

291 1864 514 1927 SOCIETAII'IS
536 1863 761 1925 SOltBoNlCAE
781 1863 1002 1923 TflllOLOGls
1023 1863 1071 1922 ET
1092 1864 1304 1923 MAGlSTltls

532 1995 767 2077 CLEMENS
794 1996 923 2071 PAPA
949 1992 1056 2070 XIV.

781 2148 808 2195 tn
824 2151 883 2195 Arce
892 2141 1045 2207 Gandnlphi,
1059 2146 1086 2192 tt
1096 2142 1201 2191 octobris
1216 2145 1284 2191 1710.
1347 2165 1350 2169 ·
1380 2173 1384 2176 -

265 2255 392 2322 Dilecti,
408 2260 464 2312 etc.
489 2255 532 2312 De
552 2252 694 2331 singulari
712 2258 811 2313 vestra
829 2252 859 2312 in
883 2252 945 2312 Nos
963 2250 1076 2330 pietate
1090 2266 1268 2330 persuasum
1282 2247 1382 2308 Nobis

216 2357 315 2412 ,antea
326 2356 406 2426 erat,
424 2367 537 2430 vosque
552 2356 710 2430 perspecta
723 2348 842 2428 egregia
852 2349 884 2409 in
898 2347 1078 2409 catholicam
1099 2345 1276 2425 religionem
1297 2343 1379 2421 fide,

226 2448 300 2509 etin
316 2445 524 2528 Apostolicam
543 2447 652 2508 Sedem
666 2446 857 2508 observantia
874 2465 929 2527 pro
943 2452 1025 2508 certo
1046 2446 1234 2508 habebamus
1254 2463 1380 2507 summo

227 2542 327 2604 studio
341 2544 435 2605 Nobis
447 2563 511 2606 esse
525 2543 679 2605 devinctos
694 2569 701 2604 :
721 2551 823 2606 tumen
838 2544 868 2604 id
879 2545 978 2624 ipsum
992 2545 1143 2622 alitteris,
1162 2553 1284 2625 atquee
1302 2562 1382 2624 pos-

227 2641 424 2704 tulationihus
438 2642 561 2718 vestris,
577 2661 653 2722 quas
674 2641 869 2705 addictissimi
886 2642 978 2704 Nobis
997 2642 1088 2702 culmi
1110 2641 1385 2721 significationibus

228 2743 427 2824 conjungitis,
438 2742 617 2804 luculentius
627 2741 832 2821 cognovimus.
844 2743 948 2820 ltaque
957 2748 987 2800 et
1001 2741 1096 2801 multa
1108 2759 1178 2801 cum
1187 2739 1385 2817 jucunditate

229 2842 353 2904 easdem
377 2841 564 2922 excepimus,
585 2848 615 2902 et
629 2839 832 2902 libentissime
847 2839 1037 2919 adducimur,
1053 2849 1087 2902 ut
1106 2841 1252 2903 voluntati
1275 2847 1387 2902 vestrae

230 2939 466 3018 satisfaciamus,
479 2939 643 3020 prasertim
656 2958 726 3001 cum
741 2957 802 3001 una
815 2938 908 3000 Nobis
922 2939 1010 3019 ipsis,
1024 2946 1191 3020 nostraque
1209 2939 1238 3000 iu
1252 2940 1316 3000 Vos
1330 2939 1386 3000 be-

229 3039 403 3100 nevolentiae
424 3037 659 3100 vobis-invicem
676 3037 861 3099 declaranda
878 3037 1026 3100 desiderio
1047 3039 1259 3120 obsequamur.
1282 3041 1387 3114 Quare

230 3134 312 3213 quod
326 3134 456 3196 aNohis
477 3135 633 3214 diligenter
649 3135 807 3213 expetitis,
816 3135 958 3216 quodque
967 3142 1076 3197 -vestro
1089 3136 1181 3198 etiam
1193 3137 1318 3199 nomine
1331 3138 1395 3200 di-'

230 3232 326 3290 lectus
339 3229 419 3291 filius
435 3237 538 3291 noster
555 3228 730 3291 toachimus
743 3230 832 3291 titulo
846 3231 946 3292 Sancti
967 3231 1098 3293 Silvestri
1114 3232 1144 3293 in
1158 3233 1257 3312 capite
1270 3225 1388 3295 sanctae

229 3327 372 3385 Romanae
382 3325 521 3386 Ecclesia
531 3325 687 3405 presbyter
701 3325 861 3388 cardinaIIs
871 3326 909 3388 de
923 3328 1028 3389 Bernis
1037 3328 1215 3407 postulavit,
1229 3335 1262 3390 ut
1272 3326 1389 3409 depic-

231 3426 295 3480 tam
314 3420 353 3480 ad
368 3422 430 3481 Vos
449 3420 579 3499 effigiem
598 3426 734 3481 nostram
747 3422 952 3500 mitteremus,
967 3424 1105 3485 eamdem
1127 3429 1267 3486 accurate
1287 3424 1386 3486 ellor-

231 3519 325 3596 mari,
343 3527 434 3601 atque
459 3519 547 3581 isthic
566 3518 728 3580 transmitti
752 3520 972 3582 mandavimus.
997 3521 1074 3595 Quid
1099 3522 1188 3583 enim·
1202 3522 1296 3584 Nobis
1318 3519 1388 3584 esse

231 3617 346 3696 gratius
368 3623 484 3698 potest,
504 3635 597 3697 quam
619 3634 696 3696 quos
718 3616 750 3677 in
770 3617 922 3697 religionis
942 3618 1113 3697 integritate
1132 3619 1250 3680 naviter
1262 3620 1388 3682 ‘tuenda

231 3716 325 3778 Nobis
341 3715 603 3793 conjunctissimos
616 3733 681 3775 esse
702 3714 830 3792 scimus,
846 3733 981 3795 quosque
993 3735 1049 3796 pro
1069 3715 1152 3776 liliali
1165 3715 1195 3776 in
1209 3717 1271 3777 Nos
1288 3714 1391 3777 dexo-

231 3812 462 3893 tioneplurima
482 3813 606 3875 caritate
627 3811 850 3892 prosequimur,
870 3830 942 3873 cnm
963 3812 1068 3874 iisdem
1083 3831 1143 3879 una
1156 3812 1390 3893 quodammodo

231 3912 360 3988 versari,
375 3927 482 3971 eorum
495 3911 575 3970 curis
583 3945 597 3986 ,-
607 3927 643 3971 ac
655 3908 936 3987 exercitationibus,
955 3928 1011 3990 pro
1026 3910 1151 3971 veritate
1174 3928 1210 3971 ac
1223 3909 1391 3971 sanctitate

233 4007 376 4069 doctrinae
393 4005 540 4086 susceptis
552 4006 693 4067 interesse
708 4012 798 4085 atque
811 4005 958 4083 assidere,
973 4013 1004 4066 et
1024 4007 1165 4068 locorum
1179 4005 1393 4085 longinquitass

232 4110 311 4182 tem,
323 4111 357 4168 ut
370 4101 462 4165 animi
475 4100 702 4179 conjunctione,
717 4101 759 4162 ita
773 4101 872 4162 vultus
888 4102 1099 4178 similitudine,
1116 4110 1206 4183 atque
1217 4102 1277 4163 oris
1299 4105 1401 4181 quasi·

233 4200 389 4279 prasentia
398 4198 548 4278 corrigere
554 4205 585 4258 et
594 4216 800 4279 compensare.
812 4197 935 4263 Utinam
947 4199 977 4259 in
987 4200 1117 4260 externis
1127 4199 1187 4261 oris
1196 4198 1393 4262 liueamentis

234 4296 266 4354 in
279 4295 339 4356 tela
352 4294 553 4376 exprimendis
567 4293 690 4356 intimos
702 4295 795 4358 etiam
808 4297 917 4356 mentis
929 4296 1055 4358 allectus
1066 4298 1245 4360 adumbrare
1257 4297 1394 4362 artifices

233 4398 354 4469 possent
360 4415 370 4467 ;
390 4400 463 4454 tunc
481 4409 552 4453 sanc
565 4390 802 4467 confideremus,
816 4391 897 4463 lore,
917 4399 951 4452 nt
965 4393 1001 4453 iis
1022 4395 1174 4472 sensibuS,
1189 4394 1299 4474 quibus
1320 4397 1394 4455 ani-

237 4484 312 4548 mati
326 4503 398 4565 erga
408 4506 461 4550 vos
476 4506 581 4550 snmus
590 4533 597 4564 ,
612 4486 730 4551 abunde
742 4487 873 4558 contenti
890 4507 944 4551 vos
956 4488 1031 4550 sitis.
1053 4491 1151 4552 Facile
1166 4491 1246 4551 eslim
1262 4509 1395 4569 coguos-
