3188 5414
234 521 284 568 tta
662 505 863 561 ctrztlsnlts
882 502 944 556 xlv

229 620 339 699 quilnrs
353 617 401 678 ille
425 615 520 696 possit
541 614 638 691 rigere
655 611 789 689 legssius,
806 608 915 688 quibus
927 606 1011 667 Sedis
1024 604 1202 685 Apaswlicae
1217 602 1385 684 privilegiis

232 713 345 791 ornari,
363 719 397 773 ut
416 712 515 790 maius
526 708 594 770 inde
605 705 848 788 possitpietatis,
863 702 1028 782 religionis,
1048 720 1083 762 ac
1096 700 1203 762 divinae
1215 699 1323 778 glorias
1334 701 1385 761 iu-

229 814 415 870 crementum
427 807 564 869 existere.
573 804 772 866 Vehementer
785 818 857 863 sane
870 798 1048 881 gaudemus,
1059 797 1213 861 carissime
1221 797 1252 858 iu
1264 796 1385 858 Gluisto

230 907 271 968 lili
295 912 413 983 noster,
437 912 489 968 tua
511 901 683 983 huiusmodi
701 901 763 981 pia,
784 898 988 978 magnanima,
1008 914 1044 958 ac
1065 895 1147 976 regia
1168 895 1272 975 plane,
1291 901 1384 974 taqua

230 1005 322 1086 digna
334 1003 434 1066 studia
446 1008 550 1065 nostra
560 1019 616 1063 nos
629 996 808 1061 auctoritate
821 994 997 1075 provehere,
1012 1010 1047 1054 ac
1056 999 1119 1054 tam
1131 999 1203 1072 apto
1214 989 1383 1071 prasertim

231 1110 379 1182 tempore,
394 1116 455 1182 quo
470 1116 622 1162 summurn
637 1100 729 1159 alteo
740 1100 936 1176 percepturus
949 1110 982 1153 es
992 1090 1186 1166 beneficium,
1196 1090 1277 1151 hanc
1288 1087 1383 1150 etiarn

230 1199 365 1261 conterre
379 1205 496 1279 partem
525 1202 660 1259 nostram
684 1193 722 1257 ad
738 1193 822 1254 illurn
838 1191 919 1252 diem
934 1189 1076 1252 omnibus
1095 1185 1246 1268 Hispaniae
1270 1185 1384 1265 Reguis

230 1296 446 1359 faustissimum
465 1294 550 1356 novis
567 1293 730 1368 honorum,
744 1288 851 1351 letitiae
865 1305 901 1348 ac
920 1285 1042 1366 pietatis
1056 1282 1280 1346 accessionibus
1300 1281 1383 1343 illus-

231 1393 384 1456 trandum.
398 1391 484 1466 Quod
495 1390 644 1471 reliquum
658 1395 704 1450 est
713 1433 722 1465 ,
737 1384 847 1447 eximia
862 1401 898 1444 ac
918 1398 1038 1443 summa
1054 1378 1158 1442 ornuia
1175 1377 1229 1440 tibi
1247 1383 1383 1458 paternas

231 1489 364 1551 caritatis
378 1494 467 1569 atque
480 1485 590 1549 amoris
602 1483 702 1547 cilicia
714 1480 893 1556 deierantes,
910 1475 1074 1558 apostolica
1087 1475 1296 1539 benedictione
1314 1474 1384 1553 ejus

235 1585 396 1667 praecipue,
407 1601 500 1666 quam
519 1588 711 1664 expectamus
724 1575 874 1670 felicitatis
888 1575 1041 1656 auspicem
1053 1572 1203 1654 Maiestati
1216 1575 1303 1652 Tura,
1314 1590 1383 1635 om·

235 1683 325 1765 nique
338 1682 437 1763 Regiae
454 1679 586 1743 Familiae
606 1675 810 1741 arnantissime
824 1673 1024 1755 impertimur.
1046 1673 1158 1734 natm
1173 1674 1287 1742 Itomoe,
1308 1679 1380 1747 stc„

232 1781 280 1842 dic
297 1794 313 1842 5
329 1781 502 1860 septembris
519 1789 605 1853 itti,
618 1776 808 1854 pontificatus
827 1773 922 1832 nostri
938 1786 1021 1830 anso
1032 1772 1130 1830 tertio.

750 2016 857 2087 CLIX.

535 2154 771 2234 crunnus
799 2155 927 2232 rnen
954 2151 1061 2229 xiv,
1144 2129 1148 2136 '

439 2310 496 2368 llll
523 2307 795 2368 PERPETUAM
821 2304 894 2366 REI
922 2302 1176 2366 MEMORIAM.

957 2439 1052 2495 ilatum,
1065 2443 1079 2486 5
1093 2436 1235 2498 septembris
1249 2439 1316 2486 tiit.

272 2546 448 2608 Gratissima
461 2562 581 2625 semper
594 2544 694 2604 animo
708 2543 842 2604 recolens
855 2548 1015 2623 perpetua,
1031 2548 1121 2623 atque
1134 2542 1297 2619 immensa,
1314 2560 1385 2623 quae

202 2677 207 2691 ι
234 2664 250 2704 a
266 2646 326 2705 Deo
340 2641 466 2723 accepit,
481 2661 517 2704 ac
530 2641 561 2703 in
574 2641 638 2703 dies
652 2638 761 2720 accipit
781 2638 928 2700 betreiieia
948 2639 1120 2702 amissimus
1132 2639 1387 2704 inconstantius
1410 2696 1413 2703 .

233 2748 334 2802 noster
354 2741 477 2802 Carolus
493 2738 705 2820 Hispaniarum
720 2739 781 2799 Rex
801 2736 989 2814 catholicus,
1004 2755 1041 2799 ac
1062 2743 1196 2799 merrtem
1215 2754 1297 2800 nunc
1307 2755 1386 2808 cum

233 2857 350 2900 summa
363 2837 570 2919 expectatione
584 2835 740 2920 intrudens
754 2835 786 2895 in
806 2833 1012 2897 felicissimum
1028 2835 1131 2912 illurn,
1152 2853 1270 2916 suoque
1288 2853 1386 2916 reguo

233 2937 522 3018 auspicatissimum,
537 2934 589 3016 qui
607 2934 691 2996 brevi
708 2932 867 2995 atliuturns
881 2941 943 3012 est,
958 2933 1056 3011 diem,
1074 2952 1137 3014 quo
1148 2932 1276 3014 Ηεςὶαω
1294 2950 1386 2996 suurn

233 3036 362 3096 Domum
372 3040 504 3110 auctam,
513 3030 748 3112 rrovurnquesibi
760 3031 1267 3112 sumssoremdivinabenignitate
1276 3031 1386 3095 dutum

233 3129 349 3208 videat,
364 3130 439 3191 nihil
451 3130 552 3210 potius
561 3130 670 3206 habet,
683 3144 776 3210 quam
786 3136 821 3190 ut
834 3147 890 3210 pro
901 3128 1043 3209 singulari
1055 3147 1111 3190 sua
1118 3129 1250 3210 pietate,
1264 3147 1299 3191 sc
1309 3129 1387 3193 reti-

233 3226 321 3304 gioue
345 3228 457 3289 illustre
479 3227 600 3309 aliquod
622 3245 752 3308 vereque
778 3229 894 3308 regium
914 3235 1145 3290 monumentum
1165 3233 1295 3306 statuat,
1318 3246 1387 3309 quo

234 3323 336 3385 omnia
355 3343 387 3386 se
410 3331 534 3405 accepta
553 3327 615 3386 Deo
635 3324 760 3403 rederre,
779 3344 908 3408 eamque
925 3327 1090 3408 prasertim
1112 3326 1287 3391 felicitatem
1300 3325 1387 3390 illius

233 3421 392 3483 clementia
404 3422 436 3482 in
451 3440 483 3483 se
497 3422 682 3484 cumulatam
694 3438 871 3503 agnoscere,
886 3441 947 3487 nnn
957 3425 1155 3506 presentibus
1168 3424 1281 3504 solum,
1291 3431 1388 3489 testa·

235 3525 295 3596 tur,
311 3517 362 3580 sed
382 3517 510 3599 posteris
522 3517 614 3580 etiarn
633 3535 737 3597 sacra,
755 3539 790 3582 ac
801 3520 924 3602 perermi
946 3521 1163 3602 significatione
1176 3523 1385 3601 meandum,

234 3616 523 3698 memorandumque
543 3616 737 3679 transmittet.
753 3620 857 3699 ltaque
872 3625 981 3699 prater
998 3625 1125 3697 cetera,
1142 3638 1210 3700 qua
1230 3619 1386 3682 honorum

235 3706 371 3778 onmium
392 3714 507 3778 auctori
521 3715 680 3797 persolvit,
698 3735 733 3778 ac
746 3717 953 3798 persoluturus
970 3723 1016 3777 est
1040 3719 1103 3778 lieo
1113 3762 1122 3793 ,
1139 3735 1196 3798 pro
1215 3715 1264 3787 sui
1287 3718 1385 3780 animi

220 3797 224 3806 ’
235 3810 440 3892 magnitudine
449 3828 563 3874 novum
572 3809 706 3873 decrevit
718 3811 834 3892 regium
847 3812 989 3893 liquitum
1000 3813 1143 3876 Ordinem
1157 3812 1315 3876 institutae
1328 3815 1385 3877 sub

235 3928 290 3972 suo
303 3908 401 3970 Caroli
412 3909 452 3969 lll
466 3910 587 3972 nomine
595 3955 604 3988 ,
614 3916 649 3972 et
659 3910 717 3972 sub
732 3909 868 3991 auspicio
880 3917 912 3972 et
922 3911 1017 3973 tutela
1026 3910 1234 3974 Immaculata
1249 3910 1386 3992 Virginis

234 4008 334 4070 Mariae
356 4025 428 4088 erga
440 4009 527 4086 cujus
537 4010 768 4090 conceptionem
790 4026 860 4071 cum
882 4010 964 4071 omni
983 4010 1087 4073 inclita
1104 4010 1240 4091 Hispana
1260 4011 1385 4073 radone

234 4106 376 4187 peculiari
384 4120 507 4184 semper
520 4103 689 4168 deuotionis
702 4122 792 4168 sensu
805 4104 930 4168 affectus
948 4106 1007 4169 luit
1026 4126 1062 4170 ac
1074 4108 1290 4171 inflammatio.
1307 4110 1386 4171 Prie

235 4204 349 4265 clarum
365 4203 424 4264 hoc
442 4202 599 4263 consilium
624 4221 713 4266 suurn
735 4221 807 4267 cum
820 4206 929 4286 erponi
950 4206 1043 4268 Nobis
1057 4205 1162 4268 iecerit
1178 4205 1261 4268 idem
1281 4206 1386 4269 caris-

235 4301 328 4362 simus
342 4299 373 4361 in
380 4299 499 4362 Christo
512 4298 591 4362 illius
605 4309 706 4364 noster
718 4301 806 4382 regiae
820 4320 880 4363 non
895 4303 993 4364 selum
1005 4303 1110 4385 pietati
1124 4309 1384 4379 nomentanaum,

237 4395 286 4455 sed
301 4404 330 4456 et
342 4395 485 4476 augendis
503 4396 648 4459 virtutum
666 4398 697 4459 in
712 4399 845 4480 Hispana
854 4398 1017 4462 Nobilitate
1036 4399 1143 4463 studiis
1154 4400 1387 4481 opportunissi-

237 4508 337 4568 mum,
356 4491 480 4554 mirilice
494 4494 553 4555 Nos
567 4494 722 4573 excitavit,
736 4501 768 4556 ut
787 4500 818 4557 et
830 4501 950 4575 gratum
964 4497 1057 4559 Nobis
1073 4514 1145 4558 eum
1161 4514 1283 4561 sacrum
1296 4496 1388 4559 ordi-
