3188 5414
228 490 277 543 lto
650 483 855 539 enarrantis
873 485 939 539 xlv

223 594 336 673 pellam
360 589 512 670 publicam
535 588 565 648 in
589 606 643 648 suo
667 587 756 672 leudo
780 588 818 648 de
840 589 953 667 OEyras
973 589 1101 668 positam
1115 595 1145 650 et
1170 589 1198 650 in
1219 607 1256 651 oa
1278 609 1374 653 unum

224 691 318 751 altare
339 688 378 750 ab
391 687 543 748 ordinario
565 686 623 746 loci
639 684 858 764 designandum
872 687 993 766 speciali
1012 688 1093 748 dono
1111 687 1282 765 illustrare,
1299 709 1377 752 auc-

223 784 345 845 toritate
358 783 451 844 Nobis
462 781 671 843 abeotradita
680 825 688 858 ,
704 799 739 841 ao
760 781 798 842 de
812 782 1027 862 omnipotentis
1047 784 1099 845 Dei
1115 784 1326 849 misericordia
1345 796 1376 851 et

224 881 383 942 beatorum
394 880 473 941 Petri
489 887 521 940 et
531 880 615 940 Pauli
629 878 833 959 apostolorum
844 880 908 957 eius
925 880 1103 942 auctoritate
1113 880 1237 959 contisi,
1252 890 1290 944 ut
1299 903 1377 964 quo-

222 977 409 1058 tiescumque
423 976 531 1038 diebus
543 975 639 1037 tribus
650 975 809 1052 cujuslibet
819 977 1016 1040 hebdomadae
1026 979 1064 1039 ab
1073 977 1139 1059 ipso
1149 979 1208 1040 loci
1218 980 1376 1043 ordinario

221 1074 338 1153 pariter
351 1072 554 1154 designandis,
568 1072 707 1134 sacerdos
722 1071 829 1152 aliquis
841 1073 983 1134 secularis
997 1075 1045 1135 vel
1054 1074 1188 1152 cujusvis
1202 1074 1377 1139 ordinarius

222 1172 461 1253 congregationis
480 1177 510 1232 et
530 1169 657 1232 instituti
673 1169 816 1249 regularis
834 1177 1060 1233 sacrosanctum
1078 1171 1176 1235 missae
1189 1172 1377 1234 sacrificium

223 1289 279 1350 pro
290 1270 391 1332 anima
403 1270 619 1349 cujuscumque
633 1267 740 1329 Christi
754 1267 862 1344 fidelis,
872 1286 939 1348 quae
950 1271 1012 1330 Deo
1024 1268 1055 1329 in
1065 1270 1191 1331 caritate
1208 1271 1377 1350 conjuncta

222 1368 261 1428 ab
275 1368 332 1429 hac
346 1364 412 1430 bice
426 1365 614 1446 migraverit,
628 1364 666 1426 ad
675 1365 881 1445 supradictum
896 1366 989 1426 altare
1001 1366 1183 1440 celebrabit,
1193 1367 1376 1448 animaipsa

222 1467 260 1527 de
276 1467 418 1527 thesauro
438 1464 578 1526 Ecclesiae
597 1483 651 1544 per
664 1464 791 1525 modum
807 1463 940 1543 suffragii
962 1464 1179 1546 indulgentiam
1198 1485 1375 1546 consequa-

201 1556 205 1570 ’
222 1573 288 1642 111;
301 1565 343 1625 111
355 1571 389 1624 ut
400 1562 535 1642 ejusdem
546 1565 582 1622 D.
593 1563 631 1622 N.
641 1564 713 1623 lesu
732 1560 839 1623 Christi
854 1579 889 1621 ao
907 1562 1092 1624 Beatissimae
1110 1562 1241 1642 Virginis
1253 1563 1372 1639 Maria,

113 1660 117 1668 '
223 1668 456 1741 sanctorumque
489 1659 626 1721 omnium
656 1659 772 1720 meritis
796 1657 854 1719 sihi
888 1660 1123 1740 suffragantibus
1154 1680 1172 1721 a
1202 1662 1373 1740 purgatorii

221 1760 317 1840 poenis
331 1760 490 1836 liberetur,
505 1758 712 1836 concedimus,
728 1765 758 1819 et
772 1757 972 1839 indulgemus.
993 1759 1027 1820 ld
1038 1758 1224 1820 contrarium
1235 1759 1374 1820 facienti—

221 1858 279 1918 bus
311 1856 561 1918 nonobstantibus
589 1855 829 1937 quibuscumque
853 1857 1048 1936 presentibus
1075 1856 1229 1937 perpetuis
1259 1857 1372 1918 futuris

223 1955 409 2035 temporibus
425 1954 572 2017 valituris.
594 1957 706 2016 Datum
720 1956 840 2026 Romae,
855 1964 926 2026 etc„
939 1957 989 2017 die
1004 1966 1037 2016 11
1053 1960 1176 2034 augusti
1188 1966 1243 2016 111
1252 1969 1279 2033 1,
1288 1976 1370 2035 porr-

220 2059 458 2136 11111111101111
475 2075 556 2118 1110
571 2060 668 2116 tertio⁸

702 2176 886 2188 Μ

733 2285 854 2355 CLVll.

562 2439 690 2481 albecho
714 2439 796 2481 rinno
819 2439 928 2481 nomm
950 2440 1023 2482 VIRO

394 2562 396 2567 ·
508 2544 764 2607 MARGHIONI
790 2545 845 2604 DE
875 2546 1070 2617 nonnul,

401 2659 765 2711 11111111111111111
786 2660 1013 2710 saonensem
1035 2659 1182 2721 1111111,

489 2766 750 2846 CLEMENS
794 2766 935 2844 PAPA
976 2767 1092 2845 XIV.

973 2919 1066 2975 Romae,
1083 2922 1109 2965 11
1125 2915 1219 2977 augusti
1234 2912 1302 2965 1771.

257 3030 386 3100 Dilecta,
402 3035 460 3089 etc.
471 3026 551 3088 Nihil
564 3025 706 3106 singulari
726 3028 836 3086 nostra
854 3039 925 3102 erga
938 3028 969 3083 te
987 3020 1203 3082 benevolentia
1215 3026 1374 3101 opportu-

219 3124 287 3185 nius
302 3131 346 3186 est
354 3169 363 3202 ,
377 3124 485 3185 dilecte
498 3123 540 3185 fili
552 3122 661 3183 nobilis
679 3121 737 3199 vir,
750 3137 844 3201 quam
863 3118 951 3181 novis
971 3119 1155 3198 argumentis
1168 3117 1296 3180 eandem
1309 3125 1375 3182 tes·

182 3284 186 3290 ,
220 3221 276 3281 tari
289 3266 297 3298 ‚
310 3227 340 3281 et
353 3221 531 3282 confirmare
549 3237 657 3300 posse,
674 3225 763 3298 atque
776 3218 839 3279 hec
857 3235 895 3279 eo
905 3216 994 3278 nobis
1006 3215 1190 3295 jucundiora
1202 3211 1371 3290 accidunt,

219 3335 281 3397 quo
293 3318 388 3396 magis
405 3316 496 3378 animi
508 3317 552 3377 tui
566 3315 692 3396 pietati,
712 3334 747 3376 ac
758 3315 909 3399 devotioni
928 3315 1074 3377 nituntur.
1091 3316 1166 3376 Cum
1177 3313 1270 3395 igitur
1279 3315 1374 3378 nobis

221 3412 395 3492 exposueris
418 3411 531 3490 pictam
552 3409 682 3489 effigiem
707 3411 803 3472 sancti
821 3411 944 3492 Josephi
967 3411 1006 3472 de
1028 3412 1189 3491 Cupertino
1214 3413 1372 3495 seraphici

218 3509 312 3572 nostri
326 3508 438 3570 ordinis
449 3507 645 3586 confessoris,
661 3526 753 3589 quam
767 3508 888 3572 aNobis
898 3509 1106 3586 benedictam,
1127 3528 1163 3570 ac
1173 3509 1374 3592 indulgentiis

219 3616 340 3671 auctam
362 3607 480 3689 pridem
501 3607 609 3670 dilecto
626 3601 689 3669 filio
712 3608 804 3669 nobili
831 3607 895 3670 viro
919 3606 1156 3670 commendatori
1177 3607 1215 3668 de
1235 3609 1373 3672 Almada

218 3706 383 3769 fidelissimi
396 3705 484 3787 Regls
507 3700 588 3788 apud
608 3707 670 3767 Nos
695 3699 833 3768 ministro
849 3704 1111 3786 plenipotentiario
1134 3699 1215 3766 dono
1235 3705 1373 3771 dedera-

103 3860 111 3875 ,
218 3826 297 3885 mus,
318 3806 372 3868 tibi
393 3806 432 3867 ab
453 3806 560 3868 eodem
580 3805 699 3868 muneri
713 3805 921 3867 transmissam
935 3822 1014 3883 esse,
1034 3812 1207 3885 pergratum
1229 3805 1371 3886 primum

216 3905 310 3968 Nobis
323 3903 379 3965 fuit
388 3922 508 3965 sacrum
519 3904 551 3965 id
563 3903 657 3966 nostri
678 3903 789 3965 amoris
795 3909 1027 3965 monumentum
1039 3903 1078 3965 ad
1091 3909 1121 3964 te
1130 3905 1322 3985 pervenisse,
1334 3926 1373 3970 ao

217 4022 308 4084 penes
320 4009 350 4064 te
359 4019 423 4064 esse
432 4009 577 4082 perpetuo
584 4020 772 4080 mansurum,
782 4001 977 4064 libentissime
989 4022 1092 4084 porro,
1105 4001 1371 4084 quemadmodum

217 4100 339 4163 eNobis
349 4118 406 4181 pro
420 4106 474 4160 tua
487 4098 631 4179 religione
641 4099 776 4180 postulas
788 4142 796 4176 ,
806 4117 867 4160 non
883 4101 982 4174 solum
997 4119 1179 4164 renovamus
1190 4102 1371 4183 largitatem

216 4199 373 4276 Nostram,
384 4196 437 4259 sed
448 4213 516 4258 eam
528 4195 623 4275 magis
631 4193 830 4270 extendimus,
845 4201 876 4256 et
887 4197 1087 4259 cumulamus.
1100 4197 1230 4260 Proinde
1247 4201 1371 4281 quoties

216 4295 370 4358 confessus
384 4296 461 4376 ipse,
474 4312 511 4355 ac
520 4293 826 4357 sacracommunione
838 4294 966 4357 refectus
981 4303 1049 4358 aute
1064 4296 1190 4359 eandem
1198 4297 1370 4380 imaginem

217 4393 273 4454 rite
286 4395 432 4472 oraveris,
447 4393 536 4455 toties
555 4392 720 4473 plenariam
741 4398 933 4474 peccatorum
955 4392 1172 4474 indulgentiam
1191 4401 1225 4457 ut
1238 4395 1370 4458 lucreris

216 4491 381 4571 apostolica
408 4491 711 4554 nostraauctoritate
735 4491 807 4569 tibi,
831 4490 935 4552 Dileoti
961 4491 1001 4551 iili
1025 4491 1133 4553 nobilis
1158 4491 1215 4570 vir,
1233 4491 1370 4572 benigne
