3188 5414
227 516 280 567 256
467 544 470 549 -
655 510 859 566 CLEblENTlS
877 510 942 564 XlV.
1029 512 1033 521 '

127 642 129 646 ·
226 616 375 678 stantibus
389 614 651 679 constitutionibus
665 624 695 677 et
708 614 945 677 ordinationibus
954 614 1143 694 apostolicis,
1158 617 1188 674 et
1204 611 1320 675 ordinis
1331 623 1370 678 alss

226 731 285 793 que
299 719 463 775 conventus
473 713 644 792 huiusmodi
657 714 748 775 etiam
755 714 939 792 juramento,
951 710 1181 773 confirmatione
1194 712 1369 791 apostolica,

225 812 275 873 vel
291 812 397 892 quavis
410 811 552 874 firmitate
571 812 629 874 alia
642 812 808 889 roboratis,
827 811 947 873 statutis
965 818 996 873 et
1009 810 1294 890 consuetudinibus,
1306 815 1371 894 pri-

225 909 338 990 vilegiis
349 928 480 990 quoque,
492 910 615 972 indultis
628 917 659 971 et
672 909 777 971 litteris
792 909 963 990 apostolicis
982 909 1013 970 in
1031 909 1217 970 contrarium
1237 910 1370 991 pramis-

225 1024 328 1067 sorum
341 1005 568 1086 quomodolibet
581 1005 746 1077 concessis,
760 1004 946 1067 confirmatis
959 1010 989 1066 et
1000 1004 1161 1074 innovatis.
1177 1004 1292 1079 Quibus
1302 1023 1370 1071 om-

224 1104 313 1165 nibus
324 1110 355 1165 et
366 1103 490 1184 singulis
505 1104 625 1167 illorum
637 1105 750 1166 tenoris
757 1103 951 1184 presentibus
962 1122 1018 1183 pro
1030 1103 1118 1183 plene
1127 1148 1135 1181 ,
1145 1108 1177 1164 et
1190 1103 1369 1167 sufficienter

224 1203 389 1283 expressis,
405 1222 440 1266 ac
454 1204 492 1266 de
503 1204 596 1266 verbo
611 1203 788 1265 adverbum
802 1201 918 1264 insertis
933 1200 1095 1281 babentes,
1115 1199 1173 1261 illis
1188 1200 1264 1262 alias
1273 1201 1303 1261 in
1315 1219 1370 1263 suo

223 1299 331 1361 robore
355 1300 558 1379 permansuris
581 1300 620 1362 ad
640 1300 861 1380 premissorum
883 1297 1025 1360 eflectum
1047 1297 1105 1359 hac
1127 1297 1193 1359 vice
1215 1296 1370 1363 dumtaxat

225 1398 403 1480 specialiter,
415 1406 447 1459 et
458 1417 598 1478 expresse
608 1398 808 1477 derogamus,
821 1396 992 1477 caterisque
1005 1394 1165 1457 contrariis
1177 1395 1369 1475 quibuscum

222 1514 293 1577 que.
313 1496 462 1557 Volumus
479 1501 597 1573 autem,
614 1502 649 1556 ut
667 1493 809 1575 predicta
820 1493 989 1555 visitatione
1006 1492 1169 1573 completa,
1183 1510 1278 1572 quam
1293 1492 1369 1555 intra

148 1598 152 1603 ’
224 1593 356 1673 spatium
369 1610 423 1654 sex
434 1591 583 1654 mensium
598 1591 751 1652 absolvere
766 1590 904 1667 curabis,
916 1589 1018 1652 omnia
1032 1589 1112 1651 illius
1122 1595 1190 1651 acta
1200 1588 1241 1651 ad
1251 1607 1368 1669 congre·

222 1688 375 1768 gationem
385 1687 609 1750 venerabilium
619 1690 677 1750 FF.
689 1694 860 1750 nostrorum
874 1688 906 1749 S.
922 1689 961 1748 R.
971 1689 1008 1748 Ε.
1023 1687 1227 1751 cardinalium
1247 1688 1369 1768 negotiis

221 1794 252 1848 et
260 1786 529 1850 consultationibus
540 1787 762 1868 episcoporum,
771 1793 801 1849 et
807 1786 990 1866 regularium
1006 1785 1200 1867 praepositam
1217 1775 1368 1849 'transmit-

221 1892 280 1945 tas.
290 1885 329 1946 Et
339 1884 364 1946 si
374 1902 439 1964 quac
451 1884 506 1945 tibi
517 1883 704 1947 decernenda
714 1883 778 1945 visa
788 1882 916 1961 suerint,
926 1901 992 1963 qua
1001 1888 1114 1945 statum
1127 1892 1309 1962 conventus,
1319 1893 1368 1946 aut

222 1986 335 2043 statuta
350 1981 467 2043 Ordinis
484 1987 515 2043 et
534 1980 702 2043 sanctiones
722 1981 898 2057 canonicas,
920 1986 971 2042 aut
994 1980 1204 2062 prescriptum
1229 1984 1369 2062 apostoli·

220 2094 327 2139 carum
339 2077 588 2140 constitutionum
606 2079 785 2156 immutent,
806 2085 875 2139 ante
893 2078 1101 2141 executionem
1119 2078 1219 2143 eidem
1238 2082 1370 2161 Congre-

220 2173 333 2252 gationi
344 2175 506 2237 denuncias
516 2223 524 2254 ,
533 2183 668 2238 nostram
682 2181 713 2237 et
722 2174 903 2255 Apostolicae
915 2172 1001 2237 Sedis
1009 2174 1232 2256 providentiam
1244 2177 1371 2258 desuper

220 2272 418 2352 expectando.
432 2275 544 2334 Datum
558 2275 657 2334 Roma
669 2272 752 2350 apad
763 2273 905 2333 Sanctam
920 2273 1051 2332 Mariam
1060 2273 1219 2349 dlcp'orcm,
1233 2274 1288 2334 aab
1302 2273 1370 2334 Aa·

220 2370 294 2429 nalo
306 2370 485 2446 Placatoris,
497 2371 547 2430 die
558 2381 594 2430 25
602 2371 690 2445 junii
702 2379 777 2429 1773
785 2371 978 2446 ponteficatca
989 2375 1087 2434 nostri
1097 2389 1177 2432 cano
1185 2378 1305 2450 quinto.

705 2600 888 2671 CCXXVll.

477 2755 647 2799 CsslSSIHO
670 2757 704 2799 lu
726 2754 858 2801 cnalsro
882 2757 966 2800 rulo
988 2757 1109 2800 boscno

333 2862 544 2924 STANISLAO
562 2861 745 2924 AUGUSTO
765 2863 945 2925 POLONIAE
964 2863 1060 2924 REGI
1081 2863 1260 2926 ILLUS'I'Rl

527 2983 762 3065 coenans
788 2977 918 3065 para
944 2986 1051 3063 xm.

1022 3138 1114 3196 Roma
1127 3139 1157 3186 al
1170 3135 1224 3197 iulii
1237 3139 1307 3186 1773.

260 3243 433 3313 durissime,
446 3249 503 3304 etc.
515 3245 704 3323 Quamquam
722 3242 869 3305 diuturnis
881 3243 1101 3306 calamitatibus
1112 3249 1203 3325 atqua
1215 3243 1371 3320 erumnis,

218 3337 328 3418 quibus
348 3339 477 3401 Paionia
497 3341 600 3401 Status
611 3340 810 3418 conflictatur,
824 3342 974 3423 egregiam
987 3342 1154 3421 Majestatis
1172 3339 1285 3403 'luein
1299 3342 1373 3403 reli-

217 3435 306 3515 gione
320 3435 433 3498 tuenda
452 3437 640 3499 voluntatem
661 3456 723 3499 non
745 3439 837 3502 modo
857 3459 918 3503 non
937 3441 1138 3519 retardatam,
1153 3457 1256 3503 verum
1274 3439 1372 3502 etiam

218 3533 396 3596 alacriorem
405 3533 436 3599 in
444 3533 518 3613 dies,
528 3541 674 3615 tuumque
683 3554 754 3617 erga
763 3537 938 3616 Ecclesiam
946 3545 1035 3619 atque
1043 3537 1248 3619 apostolicam
1258 3537 1372 3600 Sedena

218 3631 368 3709 studium,
383 3648 420 3692 ac
436 3631 579 3712 pietatem
598 3632 789 3696 illustriorem
802 3653 920 3716 semper
938 3635 1071 3697 futuram
1091 3652 1152 3696 non
1174 3632 1371 3711 dubitemus3

90 3776 93 3783 .
216 3735 319 3789 tamen
338 3744 393 3807 pro
406 3727 552 3796 Pontificii
566 3728 720 3791 ministerii
734 3748 869 3805 munere,
882 3729 1034 3810 nostrique
1043 3729 1161 3811 paterni
1171 3728 1204 3790 in
1214 3735 1245 3790 te
1257 3726 1372 3790 amoris

216 3825 421 3906 magnitudine
434 3826 569 3889 obtinere
584 3847 603 3889 a
616 3827 708 3889 Nobis
724 3845 785 3889 non
803 3846 980 3908 possumus,
1003 3827 1075 3907 quin
1092 3833 1142 3904 tc,
1164 3823 1323 3887 carissime
1337 3823 1371 3885 in

216 3925 333 3988 Christo
355 3925 397 3988 lili
416 3932 529 4004 noster,
545 3926 769 4008 adpraeclaram
792 3925 871 3987 banc
886 3925 1007 3987 laudem
1021 3925 1051 3986 in
1069 3943 1101 3985 rc
1120 3921 1290 4004 prasertim
1303 3939 1370 4011 qua

216 4023 255 4086 ad
265 4030 362 4103 tuam,
376 4023 479 4105 tuique
495 4025 579 4105 regni
591 4043 693 4087 veram
708 4042 744 4084 ac
755 4023 883 4085 solidam
896 4022 1068 4084 felicitatem
1080 4037 1141 4083 una
1152 4017 1287 4082 maxime
1303 4035 1372 4099 per-

215 4120 301 4199 tinet,
314 4120 523 4185 cohortatione
538 4120 630 4183 etiam
648 4127 752 4184 nostra
766 4119 940 4182 excitemus.
956 4121 1031 4181 Cum
1049 4118 1126 4181 inter
1147 4114 1251 4179 omnia
1268 4134 1296 4177 a·
1306 4117 1370 4179 beo

216 4216 270 4277 tibi
283 4217 434 4299 impertita
446 4216 609 4296 beneficia,
622 4218 754 4299 primum
769 4236 806 4280 ac
823 4217 990 4279 maximum
1001 4215 1040 4278 sit
1055 4214 1143 4292 fidei,
1157 4232 1195 4276 ac
1214 4210 1370 4292 religionis

217 4313 256 4374 ab
268 4313 317 4376 illo
328 4335 438 4379 munus
453 4322 621 4396 acceptum,
635 4335 697 4397 quo
709 4316 762 4378 tibi
774 4316 813 4378 ad
821 4333 947 4396 regnum
958 4314 1050 4377 etiam
1059 4312 1229 4395 patefactus
1242 4318 1292 4375 est
1305 4308 1369 4373 adi·

216 4416 280 4486 tus;
295 4420 530 4476 consentaneum
548 4420 593 4476 est
602 4413 750 4495 prolecto,
766 4420 800 4474 ut
811 4429 917 4474 omnes
928 4412 1001 4474 item
1013 4429 1091 4473 cura
1105 4407 1368 4490 cogitationesque

215 4514 274 4568 tua
285 4506 349 4591 sint,
364 4509 498 4590 adbuJ'us
509 4509 602 4592 ipsius
612 4511 760 4591 religionis
769 4508 1007 4574 incolumitatem
1017 4528 1052 4571 ac
1061 4508 1189 4572 tutelam
1198 4520 1364 4569 conversas.
