3188 5414
358 495 537 552 EPlSTOLAE
556 498 602 550 ET
619 497 754 580 Bnrlvts
773 496 1004 550 SELECTIORA.
1091 523 1095 530 ·
1220 502 1253 552 to

109 606 202 670 Nobis
222 603 351 675 rrtaxime
372 602 456 664 cordi
470 620 535 663 csse
555 601 680 678 debent,
704 601 746 662 ita
759 601 908 678 integrum
924 619 988 661 esso
1010 617 1070 659 non
1084 600 1201 663 sinunt.
1221 613 1253 662 ut

110 704 220 787 optatis
232 703 309 779 tuis,
327 707 494 780 nostraquo
514 701 552 760 de
570 707 599 759 te
617 699 763 761 voluntati
777 699 1005 761 satisfaciamus.
1027 698 1145 778 Optime
1159 701 1252 760 nosti.

110 800 292 864 Venerabilis
305 802 418 876 Frater,
428 797 502 879 quid
513 797 678 859 Tridentini
692 805 794 878 patres
807 801 886 860 Sess.
900 800 1005 860 XXIll.
1019 799 1092 879 Gap.
1113 813 1139 877 t,
1153 805 1255 863 dere-

110 901 199 963 lurm‘.
218 886 366 961 senserint
386 901 534 976 praecepio
555 894 656 956 divino
682 914 791 976 nempe
811 896 988 957 mandatum
1010 914 1077 957 esse
1103 898 1255 961 omnibus,

79 975 87 994 ⁸
109 998 219 1080 quibus
233 996 401 1058 animarum
414 1012 490 1054 cura
509 993 670 1055 mmmissa
691 1000 755 1069 est,
770 1012 841 1055 oves
854 1012 924 1055 suas
942 1007 1118 1072 agnoscere,
1138 993 1256 1074 probis

111 1094 292 1160 sacrificium
305 1093 426 1156 ollerre.
446 1091 612 1173 spiritualis
630 1091 719 1172 igitur
733 1110 812 1154 cura
828 1111 899 1174 pars
912 1098 957 1154 est
971 1093 1107 1156 sacrificii
1124 1114 1143 1157 a
1165 1116 1258 1177 paro-

112 1194 175 1259 cbis
187 1192 324 1256 iacienda
335 1211 392 1273 pro
409 1191 529 1273 populis
543 1189 672 1262 oblatio,
685 1189 715 1251 iu
732 1208 828 1272 eaque
847 1189 1017 1252 necessario
1030 1190 1094 1253 haec
1109 1209 1164 1272 per
1179 1192 1258 1254 divi—

112 1306 186 1353 num
200 1290 251 1369 jus
267 1288 438 1351 continetur
444 1311 453 1366 3
472 1287 596 1369 proinde
615 1305 754 1367 quanam
773 1287 846 1349 satis
865 1305 931 1349 esse
944 1305 1035 1349 causa
1047 1287 1156 1368 possit,
1171 1295 1204 1350 ut
1220 1291 1258 1351 ab

112 1386 219 1448 eadem
235 1385 422 1465 disjungatur
443 1403 480 1446 ac
500 1383 712 1446 abscindatur?
731 1402 872 1445 mancam
889 1383 970 1444 enim
984 1390 1056 1444 tunc
1077 1384 1160 1445 illam
1179 1402 1259 1464 quo

113 1481 276 1545 dammodo
297 1501 333 1545 ac
353 1481 532 1543 imbecillem
550 1499 705 1542 remanere
725 1499 847 1543 necesse
867 1487 955 1542 esset.
978 1480 1055 1554 Quid
1073 1481 1165 1542 etiam
1182 1479 1260 1541 doc·-

113 1580 245 1644 tissimus
265 1599 300 1642 ac
315 1597 471 1641 sacrarum
484 1579 632 1659 ejusmodi
652 1599 753 1641 rerum
768 1580 1040 1661 experientissimus
1060 1581 1261 1661 predecessor

113 1685 215 1741 noster
223 1678 401 1740 Benedictus
413 1679 481 1739 XlV
489 1723 498 1754 ,
518 1677 555 1739 de
569 1678 627 1739 hoo
646 1679 711 1759 ipso
728 1677 871 1757 judicarit
885 1698 920 1741 ac
939 1679 1072 1741 sanxerit
1089 1679 1120 1740 iu
1141 1697 1196 1740 sna
1210 1679 1260 1740 illa

113 1778 272 1857 Encyclica
286 1778 360 1839 anni
378 1790 465 1855 1744,
478 1796 545 1858 qua
555 1777 660 1857 incipit
676 1801 683 1838 :
704 1779 779 1838 Gom
789 1797 905 1857 semper
914 1779 1008 1841 latere
1021 1786 1065 1850 te,
1076 1778 1261 1841 Venerabilis

113 1875 228 1950 Frater,
242 1892 304 1935 non
316 1879 425 1954 potest.
437 1876 482 1935 lta
495 1873 634 1934 sacrificii
652 1872 884 1954 applicationem
899 1874 1068 1935 animarum
1089 1894 1194 1936 curam
1204 1893 1261 1954 ge-

114 1970 248 2031 rentibus
263 1989 319 2050 pro
337 1988 391 2031 suo
411 1971 524 2050 populo
547 1968 718 2050 impositam
738 1988 802 2031 esse
816 1986 888 2031 cum
908 1989 944 2031 ex
962 1970 1126 2032 Tridentini
1144 1971 1260 2033 concilii

116 2073 182 2126 turn
194 2065 412 2147 exapostolicae
421 2063 499 2127 sedis
510 2065 637 2126 decretis
657 2065 830 2143 confirmat,
850 2073 884 2128 ut
899 2066 1076 2128 eorumdem
1086 2067 1147 2129 vim
1159 2068 1262 2148 aliquo

115 2162 207 2225 modo
220 2162 390 2226 infirmandi
410 2169 462 2224 aut
474 2161 644 2224 declinandi
658 2163 776 2224 nullum
793 2168 905 2225 statuat
915 2181 981 2224 esse
992 2163 1130 2225 relictum
1141 2163 1260 2240 locum,

117 2259 209 2320 teneri
225 2258 350 2340 proinde
364 2259 491 2321 vicarios
507 2259 597 2323 etiam
608 2303 616 2336 ‚
629 2258 684 2321 etsi
705 2258 878 2321 amoribiles
891 2259 933 2321 illi
946 2259 1023 2336 sint,
1045 2264 1097 2321 aut
1117 2258 1155 2323 ad
1171 2259 1262 2322 breve

117 2361 235 2436 tempus
245 2355 394 2435 ejusmodi
406 2374 485 2418 curae
499 2355 624 2434 addicti,
636 2356 828 2437 pronuntiat,
841 2357 1037 2437 excusariqne
1050 2356 1096 2418 vel
1110 2352 1263 2419 redituum

115 2452 261 2515 tenuitate
274 2454 321 2514 vel
337 2453 568 2515 immemorabili
589 2454 740 2518 contraria
753 2453 968 2516 consuetudine
989 2471 1079 2535 posse
1096 2453 1260 2516 neminem.

116 2551 266 2612 Nonnihil
283 2557 384 2613 tamen
398 2551 599 2632 indulgentior
614 2551 645 2614 in
663 2551 730 2614 illos
744 2558 805 2629 est,
819 2552 871 2632 qui
883 2557 1061 2632 paupertate
1074 2551 1169 2632 pressi
1181 2551 1264 2613 elee-

117 2666 275 2728 mosynam
292 2648 342 2711 die
355 2648 430 2711 festo
452 2669 509 2730 pro
531 2649 731 2731 applicatione
745 2651 842 2712 missa
862 2650 1003 2730 privatim
1027 2650 1164 2713 facienda
1184 2651 1264 2712 reci-

116 2743 212 2823 piunt.
243 2744 318 2804 Cum
349 2744 384 2806 iis
411 2745 491 2805 enim
517 2752 687 2825 opportune
712 2745 906 2827 dispensandi
928 2746 1103 2808 facultatem
1128 2748 1265 2809 concedit

117 2840 275 2920 Episcopo,
294 2839 335 2900 ita
352 2846 455 2900 tamen
470 2847 503 2900 ut
522 2839 647 2900 totidem
667 2840 775 2902 missas
795 2842 872 2902 infra
885 2841 1023 2902 eamdem
1041 2840 1265 2903 hebdomadam

117 2956 172 3017 pro
185 2937 298 3016 populo
312 2937 462 3016 applicare
483 2941 652 3013 teneantur,
667 2954 743 3016 qpos
762 2936 793 2997 in
814 2936 919 2997 diebus
933 2937 1015 2998 lestis
1035 2937 1074 2998 ad
1083 2936 1265 3018 peculiarem

116 3032 288 3113 cujuspiam
310 3031 506 3094 intentionem
525 3030 699 3094 obtulerint.
721 3033 787 3094 Hac
808 3031 872 3113 ipse
889 3031 982 3093 etiam
1002 3032 1064 3110 uti,
1081 3033 1266 3095 Venerabilis

71 3148 72 3151 ¹
119 3133 232 3210 Frater,
247 3130 272 3191 si
294 3136 500 3211 opportunum
517 3129 616 3192 risum
633 3128 724 3193 luerit
744 3130 973 3210 temperamenti
994 3130 1116 3193 lenitate
1137 3149 1191 3212 per
1207 3133 1268 3192 Nos

119 3235 214 3307 potes.
233 3227 291 3290 Sed
306 3229 470 3309 prasertim
483 3227 640 3293 intendere
654 3229 790 3293 animum
806 3229 886 3292 inea
902 3229 1034 3292 remedia
1051 3249 1107 3311 par
1127 3236 1189 3308 est,
1202 3249 1267 3311 qua

118 3323 231 3385 scilicet
245 3343 263 3385 a
275 3326 467 3387 sacrosancta
481 3324 657 3386 Tridentino
672 3325 788 3407 synodo
808 3327 887 3388 Sess.
903 3326 967 3387 Vll.
980 3328 1053 3407 Cap.
1069 3328 1123 3388 Vll
1142 3332 1173 3389 et
1184 3329 1264 3389 Sess.

122 3422 227 3498 XXIV,
247 3422 319 3502 Cap.
342 3422 420 3500 Xlll,
443 3421 661 3503 sapientissime
688 3424 931 3504 proscribuntur,
955 3443 1080 3505 quaeque
1106 3444 1151 3487 sa.
1173 3444 1265 3486 mem.

120 3520 190 3580 Pius
206 3521 249 3598 V,
269 3520 469 3600 predecessor
486 3528 598 3598 noster,
614 3521 645 3582 in
662 3535 718 3582 'sua
734 3522 966 3600 constitutione,
985 3526 1051 3603 qua
1065 3520 1169 3604 incipit
1189 3546 1197 3584 z
1218 3523 1268 3583 Act

120 3619 327 3695 recoquendum
342 3620 502 3697 pastoralis
515 3619 609 3698 officit
630 3620 779 3689 debitam,
795 3621 865 3698 anni
883 3632 956 3682 root
969 3665 976 3698 ,
991 3638 1047 3702 pro
1067 3618 1272 3700 assignatione

123 3713 275 3777 {luctuum
286 3714 970 3798 vicariislaciendamandavitoonlirmavitque
981 3716 1269 3799 superiuslaudatus

121 3811 256 3891 pontifex
268 3812 448 3877 Benedictus
460 3815 538 3891 XIV,
554 3832 589 3902 ac
608 3814 794 3877 necessarias
807 3833 913 3877 omnes
930 3814 1041 3878 idcirco
1051 3817 1142 3897 atque
1154 3832 1269 3896 oppor-

120 3917 209 3971 tunas
234 3909 395 3972 facultates
417 3911 448 3972 in
466 3910 574 3975 eadem
594 3911 645 3973 illa
658 3930 714 3974 sua
730 3913 891 3994 Encyclica
912 3912 1070 3976 concessit.
1092 3915 1189 3988 Quam
1208 3910 1274 3972 Nos·

120 4006 211 4068 otnm
225 4009 294 4087 tibi,
305 4008 491 4071 Venerabilis
497 4010 825 4094 linter,apostolicam
835 4010 1060 4073 concessionem
1067 4010 1150 4072 dum
1155 4010 1271 4089 impes.

121 4108 225 4186 timur,
236 4109 378 4190 prodesse
394 4108 533 4174 eamdem
551 4109 681 4170 multum
691 4128 780 4191 posse
795 4116 849 4171 tua
862 4108 1007 4190 sapientia
1017 4108 1086 4170 freti
1101 4104 1162 4169 nori
1177 4105 1276 4167 dubi·

124 4215 235 4269 minus.
246 4210 321 4271 Eam
330 4209 403 4270 item
413 4208 468 4272 tibi
478 4208 605 4269 libenter
613 4212 795 4288 potestatem
805 4207 925 4286 damus,
940 4213 975 4268 ut
985 4202 1270 4285 tnadioecesispar-

124 4305 235 4367 rochos
247 4323 284 4367 ac
297 4305 426 4368 vicarios
443 4323 548 4367 omnes
560 4304 743 4386 quicumque
762 4303 908 4366 hactenus
927 4303 976 4366 die
993 4301 1129 4384 quolibet
1144 4299 1270 4391 dapne

22 4404 33 4413 ‘
124 4409 212 4482 cepto
225 4420 346 4465 sacrum
363 4420 420 4484 pro
438 4402 553 4490 populo
569 4401 667 4463 lacere
685 4400 868 4478 omiserunt,
880 4402 920 4463 ab
934 4401 1029 4477 illius,
1045 4398 1127 4483 quod
1145 4397 1267 4473 exinde,

123 4519 159 4560 cx
173 4500 322 4582 preterito
331 4500 584 4582 scilicettempore
595 4545 602 4576 ,
614 4505 828 4561 contraxerunt
837 4499 950 4576 oneris,
960 4498 1058 4577 aliqua
1070 4503 1155 4578 parte
1162 4494 1270 4557 liberes
