3188 5414
473 485 654 571 EPlSTOLAE
671 488 716 541 ET
736 488 867 543 uenum
884 488 1115 544 santelinus.
1314 496 1362 546 tul

223 587 365 649 indirecte
388 587 519 650 revelare
539 590 948 672 valeant,autpresuu1ant.
964 592 1129 668 preterea,
1155 598 1267 654 attenta
1281 595 1366 656 dicte

223 683 379 766 Societatis
389 685 599 765 suppressione
610 733 619 765 ,
630 687 869 766 etextinctionc,
881 706 1002 765 omues,
1018 695 1048 750 et
1058 706 1263 768 quoscumque
1274 689 1367 752 tacul-

222 789 316 859 tutes,
328 781 569 862 jurisdictiones,
584 783 738 865 privilegia
751 792 781 846 et
796 785 990 847 auctoritates
999 803 1259 866 quorumcumquc
1268 787 1367 848 Colle-

220 878 349 956 giorum,
364 881 550 957 Domorum,
572 880 773 943 Ecclesiarum
785 927 793 958 ,
806 887 837 942 et
850 880 1084 942 Seminariorum
1096 927 1105 959 ,
1116 901 1152 943 ac
1170 884 1366 944 Personarum

222 976 314 1056 ipsius
326 976 369 1037 sic
385 977 523 1039 extincte
538 977 695 1040 Societatis
714 979 955 1059 protectoribus,
976 979 1099 1059 aliisque
1114 979 1205 1041 etiam
1225 983 1256 1041 S.
1277 982 1313 1042 R.
1328 983 1364 1042 Ε.
1447 984 1453 1007 ⁴

221 1072 444 1154 Cardinalibm,
463 1080 494 1136 et
507 1092 617 1154 magno
627 1092 746 1155 quoque
755 1074 975 1137 Poenitentiario
990 1094 1079 1156 super
1092 1075 1135 1136 eis
1141 1077 1367 1156 quomodolibet

223 1187 400 1249 concessas,
413 1170 561 1249 indultas,
576 1178 608 1232 et
626 1172 801 1249 attributus,
822 1178 928 1248 motu,
950 1170 1091 1249 scientia,
1113 1179 1144 1233 et
1154 1171 1367 1235 deliberatione

224 1266 372 1330 similibus
392 1285 553 1348 suspensas
576 1274 632 1348 pro
653 1286 736 1331 nunc
755 1268 965 1346 decernimus,
990 1275 1021 1330 et
1043 1268 1253 1344 declaramus,
1277 1276 1367 1350 atque
1419 1280 1420 1285 ’

223 1364 431 1425 omnimodam
442 1364 701 1443 jurisdictionem,
715 1364 941 1438 auctoritatem,
952 1371 984 1426 et
996 1370 1176 1445 potestatem
1185 1364 1215 1426 in
1228 1365 1263 1426 iis
1272 1367 1368 1428 omui-
1470 1376 1476 1385 “

223 1461 359 1545 busque
377 1465 593 1545 quoquomodo
610 1483 770 1545 personas,
781 1463 944 1540 Ecclesias,
956 1465 1069 1526 Domm
1080 1509 1089 1541 ,
1101 1464 1243 1544 collegia,
1257 1482 1322 1540 res,
1337 1470 1367 1524 et

223 1561 303 1624 bona
313 1563 399 1624 dicte
409 1564 474 1642 jam
488 1564 625 1626 extincte
646 1563 803 1626 Societatis
812 1563 982 1644 respiciant,
995 1563 1141 1643 privative
1152 1563 1254 1643 quoad
1264 1563 1367 1625 omnia

223 1659 282 1720 alia
302 1659 482 1738 tribunalia,
501 1661 593 1723 etiam
612 1678 873 1742 quarumcumque
897 1659 1165 1740 congregationum
1190 1660 1367 1722 eorumdem

221 1756 252 1815 S.
266 1757 302 1816 u.
316 1758 351 1815 Ε.
363 1755 564 1818 Cardinalium
575 1763 638 1818 tam
649 1756 770 1818 Concilii
785 1751 949 1819 Tridentini
962 1757 1168 1837 interpretum,
1181 1775 1273 1836 quam
1286 1757 1368 1818 Con-

223 1851 433 1913 sultationibus
455 1852 676 1933 Episcoporum
695 1860 725 1914 et
742 1853 951 1932 Regularium‚
972 1871 1008 1914 ac
1025 1853 1153 1933 negotiis
1167 1855 1367 1934 propaganda

225 1949 294 2011 tidei
306 1968 364 2028 „ac
389 1949 552 2031 discipline
565 1951 693 2030 regulari
713 1951 955 2031 prepositorum,
970 1950 1089 2013 sublata
1108 1951 1151 2012 eis
1165 1951 1269 2031 quavis
1283 1952 1368 2013 aliter

222 2045 396 2126 judicandi,
409 2053 442 2108 et
462 2046 678 2127 interpretandi
692 2045 852 2125 facultate,
869 2053 958 2127 atque
973 2046 1170 2125 auctoritate,
1186 2046 1224 2108 nd
1239 2048 1368 2110 eandem

224 2143 490 2223 congregationem
509 2162 565 2224 per
591 2151 749 2224 presentes
769 2143 964 2206 constitutam
991 2149 1147 2224 spectare,
1170 2151 1202 2205 et
1218 2144 1367 2224 pertinere

222 2240 396 2318 statuimus,
409 2248 440 2303 et
450 2241 602 2320 jubemus.
618 2244 760 2305 Volentes
777 2242 899 2323 insuper
907 2287 918 2320 ,
931 2249 965 2303 ut
981 2241 1020 2302 ed
1031 2240 1144 2303 dictam
1155 2242 1367 2305 tantummodo

223 2338 486 2416 congregationem
508 2339 650 2417 aNobis,
671 2347 705 2402 ut
723 2340 891 2421 prefertur,
913 2345 1061 2415 erectam,
1086 2337 1231 2418 privative
1254 2339 1367 2419 pariter

223 2433 324 2511 quoad
339 2432 413 2494 alios
429 2452 654 2516 quoscumque,
667 2439 698 2496 et
708 2453 904 2516 quecumque
918 2434 976 2496 alia
994 2432 1154 2495 tribunalia
1166 2441 1282 2513 spectet
1293 2453 1367 2515 quo-

221 2551 297 2612 que,
318 2539 349 2594 et
368 2533 518 2613 pertineat
537 2551 600 2595 non
629 2534 727 2595 solum
753 2531 931 2614 providere,
957 2531 1106 2610 sive-que
1130 2529 1366 2594 Poenitentiarios

143 2637 145 2642 '
221 2630 354 2693 Basilice
365 2631 508 2712 principis
516 2633 732 2712 Apostolorum
743 2631 781 2694 de
792 2631 883 2709 urbe,
898 2630 958 2692 sive
970 2647 1035 2710 que
1043 2628 1117 2691 alios
1129 2628 1365 2709 poenitentiarios

221 2727 316 2787 Alme
335 2728 449 2788 Domus
463 2731 637 2790 Lauretane
654 2729 840 2810 respiciunt,
861 2728 914 2791 sed
935 2728 1029 2790 etiarn
1046 2727 1126 2788 viros
1150 2727 1307 2806 doctrina,
1329 2748 1366 2791 ac

223 2821 333 2903 pietate
349 2821 489 2903 preditos
501 2868 509 2902 ,
521 2823 552 2886 in
572 2824 761 2904 superiores,
775 2826 922 2903 lectores,
935 2843 988 2886 seu
1007 2823 1168 2903 magistros
1182 2824 1363 2901 domorum,

220 2921 432 3000 collegiorum,
458 2928 489 2983 et
517 2921 747 2987 seminariorum
771 2921 945 3002 hujusmodi
980 2921 1106 3001 eligere,
1141 2938 1176 2981 uc
1207 2919 1362 3000 deputare.

221 3019 420 3080 Decernentes
441 3017 563 3080 easdem
580 3025 739 3099 presentes
759 3019 862 3082 literas
883 3019 1005 3097 firmas,
1025 3019 1156 3094 validas,
1176 3025 1207 3080 et
1228 3018 1366 3105 efficaces

220 3116 363 3195 existere,
388 3122 419 3177 et
436 3115 517 3194 tore,
538 3135 668 3197 suosque
687 3116 854 3198 plenarios,
870 3123 901 3179 et
920 3116 1053 3198 integros
1066 3115 1192 3177 eftectus
1213 3115 1311 3177 sortiri
1333 3124 1364 3178 et

220 3216 373 3293 obtinere,
393 3235 429 3279 ac
449 3215 525 3293 illis,
550 3216 589 3283 ad
607 3233 684 3297 quos
697 3220 816 3297 spectat
832 3220 863 3276 et
882 3232 938 3295 pro
956 3221 1092 3296 tempore
1111 3213 1364 3295 quandocumque

218 3314 365 3394 spectabit
379 3313 410 3376 in
424 3313 582 3391 omnibus,
598 3319 630 3375 et
646 3331 700 3393 per
712 3330 816 3374 omnia
832 3311 1005 3391 plenissime
1023 3310 1180 3390 suffragari
1189 3356 1198 3389 ,
1214 3329 1250 3371 ac
1265 3311 1304 3371 ab
1319 3311 1363 3372 eis

218 3412 383 3491 respective
394 3411 603 3473 inviolabiliter
614 3409 784 3487 observari3
800 3407 903 3489 sicque
913 3407 945 3469 in
956 3407 1115 3488 premissis
1128 3426 1182 3488 per
1198 3401 1364 3488 quoscum-

218 3525 277 3586 que
290 3507 405 3586 judioes
419 3507 587 3570 ordinarios
597 3553 607 3586 ,
617 3513 648 3569 et
662 3506 829 3585 delegatos,
843 3505 937 3567 etiam
948 3524 1109 3567 causarum
1119 3507 1223 3587 palatii
1238 3515 1362 3588 aposto-

219 3602 267 3663 lici
283 3603 446 3665 auditores.
462 3605 507 3666 Ac
531 3603 665 3682 ejusdem
682 3606 713 3664 S.
734 3604 770 3664 R.
795 3604 830 3662 E.
846 3602 1017 3665 Cardinales
1036 3604 1180 3683 iudicari,
1202 3612 1232 3666 et
1246 3604 1362 3665 deliniri

217 3699 342 3778 debere,
359 3718 394 3762 ac
413 3700 554 3777 irritum,
570 3708 601 3762 et
617 3701 704 3762 inane
713 3746 722 3778 ,
744 3699 768 3761 si
782 3718 868 3761 secus
889 3699 1040 3781 superbis
1055 3721 1073 3763 a
1088 3697 1363 3783 quoquumquuvis

218 3796 395 3859 aiictcritate
411 3796 549 3875 scienter,
562 3798 609 3860 vel
620 3798 791 3878 ignoranter
804 3797 963 3877 contigerit
983 3800 1123 3860 attentari
1139 3824 1146 3860 :
1165 3817 1225 3861 non
1238 3799 1360 3860 obstan·

217 3896 297 3958 tibus
319 3895 583 3960 constitutionibus
594 3943 604 3976 ,
617 3905 647 3959 et
656 3895 895 3959 ordinationibus
906 3895 1095 3978 apostolicis,
1109 3915 1225 3959 necnon
1239 3894 1362 3976 quibus·

218 3993 275 4072 vis,
288 3994 380 4058 etiam
389 3997 580 4075 juramento,
592 3995 820 4057 confirmatione
831 3994 1005 4075 Apostolica
1015 4040 1024 4072 ,
1035 4002 1089 4057 aut
1100 3996 1205 4075 quavis
1219 3992 1361 4054 firmitate
1467 4000 1471 4007 ’

218 4090 276 4151 alia
287 4092 436 4153 roboratis
448 4091 586 4168 statutis,
601 4097 632 4153 et
641 4081 908 4153 consuetudinibus
920 4136 928 4168 ,
942 4090 1102 4171 privilegiis
1116 4107 1252 4170 quoque,
1265 4088 1362 4149 indul-

219 4185 271 4262 tis,
289 4188 336 4248 vel
355 4188 448 4250 literis
460 4187 632 4267 apostolicis
645 4187 675 4248 in
689 4187 875 4255 contrarium
898 4187 1120 4268 premissorum
1132 4183 1360 4266 quomodolibet

216 4283 377 4362 concessis,
397 4283 599 4363 confirmatis,
618 4303 654 4346 ac
672 4285 835 4362 innovatis,
856 4285 964 4365 quibus
986 4285 1142 4358 omnibus,
1165 4291 1195 4345 et
1219 4284 1358 4365 singidis,

219 4378 340 4440 illorum
353 4386 472 4441 tenores
495 4381 687 4462 presentibus
702 4401 756 4463 pro
776 4382 883 4461 plene,
898 4389 928 4443 et
947 4381 1128 4445 sufficienter
1143 4380 1307 4462 expressis,
1324 4401 1359 4442 ac

219 4479 336 4542 insertis
348 4479 511 4558 babentes,
527 4479 565 4558 ad
578 4481 802 4561 praemssonun
819 4479 962 4543 ellectum
977 4464 1156 4561 specialiter,
1171 4485 1201 4541 ot
1219 4496 1358 4560 expresse
