3188 5414
479 446 662 527 urrsvoua
679 475 726 530 nv
745 475 881 537 annvrx
900 476 1134 531 sanucrionx.
1274 461 1293 482 ⁸
1350 483 1381 533 ιι

235 575 474 637 benedictionem
486 577 557 654 tibi,
572 577 679 638 dilecte
697 578 755 655 fili,
768 579 886 660 tuisque
903 580 1045 642 tratribus
1063 586 1254 661 peramanter
1269 581 1384 661 imper-

235 673 337 732 timur.
354 675 468 734 Datum
484 676 594 751 Romae,
618 684 687 752 etc,
710 679 759 736 die
780 689 797 737 a
817 684 937 754 augusti
958 689 1043 757 1709,
1068 682 1260 757 pontificatur
1286 685 1384 742 nostri

235 788 314 829 anno
325 788 438 848 premo.

718 870 899 881 ——----—·

679 1064 820 1139 nllud'tls
840 1061 938 1140 almas

230 1158 233 1165 ·
344 1199 512 1260 androni
533 1201 590 1261 ΕΤ
603 1202 881 1262 UNIVERSITALI
901 1174 1034 1264 STUDII
1055 1170 1269 1264 andanems

639 1326 749 1374 OPPIDI
773 1325 981 1376 tovnnmncls
1008 1331 1011 1337 '

544 1428 778 1508 cennens
805 1431 933 1538 exea
961 1430 1081 1537 xiv..

946 1626 949 1631 -
1010 1587 1319 1656 Romae,5augusti1769.
1380 1566 1384 1577 ⁸

272 1685 394 1759 Dilecta,
409 1694 467 1748 eta.
490 1689 633 1750 Vestrum
649 1687 856 1767 gratulationis
878 1687 1012 1750 osticium
1031 1678 1203 1753 decollata
1217 1685 1310 1752 Nobis
1332 1683 1384 1747 di

232 1783 342 1845 vinitus
367 1785 524 1864 pontificia
543 1785 688 1867 dignitate
709 1805 765 1868 per
792 1786 908 1850 litteras
934 1786 1132 1849 observantias
1144 1831 1153 1864 ,
1182 1783 1321 1868 pietatis,
1346 1803 1383 1846 ac

232 1881 302 1943 fidei
320 1883 352 1944 in
375 1885 572 1962 apostolicam
596 1886 675 1947 bano
703 1885 805 1948 sedem
826 1883 1014 1965 plenissimas
1034 1885 1201 1946 luculenter
1225 1889 1383 1963 peractum

232 1979 321 2040 nobis
338 1979 559 2059 gratissimum,
573 1989 605 2043 et
623 1981 707 2063 quod
726 2000 762 2043 ex
786 1982 888 2063 animo
909 1981 1029 2042 fieri-ac
1050 2001 1067 2042 a
1089 1981 1175 2043 vobis
1188 1985 1383 2062 perspectum

232 2074 410 2149 babeamus,
423 2081 454 2136 et
463 2077 546 2156 quod
559 2076 597 2139 ad
608 2083 743 2164 nostram
762 2075 957 2142 muniendam
971 2076 1209 2139 imbecillitatem
1222 2081 1288 2137 tum
1299 2077 1383 2154 gravi

232 2171 398 2234 ministerio
419 2172 508 2252 plane
530 2173 677 2253 imparem
701 2189 805 2255 preces
829 2171 868 2233 ad
890 2172 1167 2236 misericordiarum
1181 2174 1306 2235 Patrem·
1325 2171 1383 2237 ad-

227 2269 396 2348 junxeritis,
412 2271 513 2350 'neque
526 2289 578 2332 eas
593 2288 650 2350 pro
666 2276 766 2331 vestro
784 2269 815 2331 in
829 2271 892 2332 Nos
903 2269 1048 2350 singulari
1066 2269 1184 2348 studio,
1195 2269 1277 2351 quod
1289 2269 1383 2353 vebe7

229 2372 347 2428 menter
357 2367 489 2447 petimus
502 2384 637 2448 unquam
651 2365 848 2429 intermissuri
862 2366 937 2427 sitis.
955 2367 1031 2429 lllud
1044 2386 1135 2448 porro
1149 2366 1332 2430 humanitati
1347 2387 1384 2433 ao

230 2465 334 2544 pietati
345 2472 450 2529 vestrae
463 2465 642 2543 tribuimus,
659 2464 743 2546 quod
755 2463 793 2526 de
810 2464 903 2527 Nobis
915 2470 980 2525 tam
994 2467 1094 2545 ample
1112 2466 1317 2547 benevoleque
1329 2468 1383 2547 ju-

230 2562 350 2642 dicetis,
364 2583 399 2626 ac
413 2563 610 2626 libentissime
627 2562 794 2644 excipimus
812 2569 910 2625 vestra
928 2561 967 2623 de
982 2562 1076 2624 Nobis
1089 2569 1160 2626 vota
1177 2569 1269 2644 atque
1284 2565 1384 2646 auspi-
1401 2628 1404 2633 ,

231 2661 295 2737 cia,
309 2681 376 2741 quae
389 2668 423 2724 ut
434 2668 501 2724 rata
513 2662 573 2724 sint
588 2681 606 2725 a
623 2662 675 2723 Dei
687 2661 800 2741 Optimi
820 2659 943 2722 Maximi
959 2659 1144 2739 benignitate
1162 2659 1321 2725 dumtaxat
1337 2669 1383 2729 est

229 2764 260 2819 et
270 2759 485 2839 postulandum
496 2766 526 2820 et
539 2756 770 2839 expectandum.
784 2756 871 2831 Quod
882 2775 954 2819 vero
971 2756 1009 2820 de
1022 2762 1127 2818 nostra
1143 2756 1174 2817 in
1188 2757 1318 2836 optimas
1330 2777 1382 2820 ar-

231 2863 277 2917 tes
304 2875 340 2916 ac
367 2857 516 2917 litteratos
539 2855 619 2915 viros
642 2853 851 2915 benevolentia
882 2859 973 2931 atque
999 2871 1103 2914 amore
1128 2852 1261 2930 sentitis,
1288 2852 1318 2914 id
1341 2855 1382 2916 ita

231 2970 335 3012 verum
347 2971 412 3013 esse
428 2951 613 3026 existimate,
626 2957 660 3011 ut
676 2951 706 3010 in
720 2950 820 3010 nullos
834 2950 941 3026 majori
957 2951 1048 3011 animi
1067 2950 1162 3010 nostri
1182 2950 1382 3032 propensione

231 3050 374 3127 feramur,
389 3067 482 3130 quam
501 3048 552 3130 qui
568 3048 678 3129 ingenii
698 3047 744 3108 sui
767 3053 894 3109 conatus
908 3064 1012 3108 omnes
1028 3046 1067 3108 ad
1088 3046 1284 3108 sanctissima
1299 3049 1383 3111 Reli-

227 3148 325 3228 gionis
340 3139 578 3210 incolumitatem
589 3166 625 3207 ac
639 3147 860 3208 incrementum
873 3150 1095 3205 converterunt.
1111 3144 1142 3205 ld
1153 3164 1206 3206 vos
1217 3165 1287 3207 cunr
1298 3166 1382 3229 egre·

227 3249 275 3326 gie
292 3254 453 3329 praestare,
462 3245 667 3331 acpristinam
679 3243 761 3304 illam
774 3241 976 3303 universitatis
996 3248 1104 3304 vestrae
1116 3241 1146 3302 in
1158 3243 1381 3307 benemerendo

213 3346 265 3410 ‘de
286 3345 427 3421 ecclesia,
452 3363 488 3406 ac
501 3343 540 3405 de
560 3342 726 3424 apostolica
739 3341 798 3403 bac
820 3338 890 3405 sede
914 3340 990 3402 tueri
1011 3337 1137 3420 gloriam
1159 3341 1378 3422 intelligamus,

228 3444 396 3528 perspicere
411 3442 498 3506 facile
511 3441 636 3525 potestis
657 3447 817 3521 paternam
835 3445 971 3504 nostram
988 3440 1018 3502 in
1035 3458 1090 3503 vos
1104 3440 1380 3522 caritatemparem

229 3559 292 3602 esse
304 3542 343 3618 ei,
355 3561 448 3623 quam
460 3542 498 3604 de
510 3541 624 3603 meritis
633 3539 738 3629 vestris
749 3538 908 3618 habemus,
921 3536 1246 3619 existimationi,quam
1256 3538 1379 3619 quidem

228 3639 393 3700 maximam
407 3658 471 3702 esse
485 3644 515 3701 et
527 3637 744 3721 amplissimam
758 3638 947 3718 profitemur.
970 3636 1057 3715 Agite
1073 3632 1174 3716 igitur,
1188 3634 1288 3698 dilecti
1309 3637 1377 3713 filii,

228 3755 344 3798 morem
357 3736 437 3799 huno
451 3736 583 3799 vestrum
593 3736 732 3812 retinete,
739 3733 889 3815 novisque
899 3744 1027 3814 semper,
1035 3733 1200 3812 laboribus,
1213 3738 1244 3794 et
1258 3735 1378 3795 laudem

228 3839 375 3912 vestram,
395 3840 425 3903 et
445 3839 580 3894 nostram
601 3832 630 3893 in
653 3850 707 3893 vos
726 3829 967 3892 benevolentiam
986 3828 1178 3909 amplificate.
1201 3830 1262 3890 Nos
1286 3848 1377 3906 sane,

226 3924 419 4009 quantumin
436 3928 529 3992 Nobis
543 3928 616 4015 erit,
638 3926 912 4014 expromendorum
933 3925 1067 4003 ejusdem
1081 3926 1111 3986 in
1129 3946 1181 3989 vos
1197 3926 1377 3988 immolatis-

226 4025 300 4086 sime
316 4026 476 4107 fruetuum
487 4024 703 4107 opportunitati
716 4024 846 4087 defuturi
857 4042 917 4085 non
933 4014 1056 4101 sumus,
1066 4040 1164 4104 neque
1175 4023 1298 4085 inanem·
1309 4042 1377 4086 ves-

227 4126 305 4184 tr'arn
312 4123 349 4185 de
362 4129 487 4204 paterna
501 4131 605 4186 nostra
618 4124 801 4208 benignitate
814 4118 958 4187 fiduciam
975 4142 1108 4205 unquam
1118 4122 1273 4186 reddituri.
1285 4124 1334 4186 lle
1345 4119 1377 4186 in

226 4219 431 4304 hujusprolixi
440 4221 471 4283 in
482 4241 535 4284 vos
545 4220 635 4283 animi
645 4223 754 4303 pignus
767 4209 963 4304 apostolicam
970 4212 1210 4283 benedictionem
1219 4219 1315 4299 vobis,
1327 4222 1375 4282 dia

225 4315 296 4378 lecti
306 4317 371 4394 tilii,
392 4337 427 4380 ao
442 4319 644 4382 celeberrima
657 4319 843 4384 universitati
854 4325 956 4382 vestre
962 4324 1158 4401 peramanter
1171 4317 1375 4400 impertimur.¹

226 4417 339 4500 datum
354 4407 473 4494 Romoe,
492 4425 560 4500 etc,
580 4423 737 4499 anagasti
755 4427 842 4500 176⁹,
855 4413 1049 4497 pontificatus
1063 4420 1252 4479 costrt'oaao
1264 4411 1373 4498 prison

1177 4646 1181 4652 ,
1253 4591 1269 4639 r
