3188 5414
331 496 365 544 50
762 487 961 542 Cluuienus
979 489 1044 542 xlv

330 594 530 656 nedictionem
545 591 647 668 vobis,
663 591 762 652 dilecti
778 592 849 668 filii,
872 597 1034 673 vestraque
1054 592 1189 682 societati
1210 601 1401 674 peramanter
1415 597 1476 656 im-

330 690 485 770 pertimur.
509 691 620 749 Datum
640 689 757 759 Rome,
779 694 852 763 ete,
871 689 921 748 die
942 699 978 749 2³
997 690 1162 749 decembris
1178 701 1267 763 1769,
1283 695 1476 770 pontificatus

329 791 424 848 nostri
435 805 516 846 onoc
523 789 634 864 primo.

815 896 991 908 ———-—·-fl

826 997 970 1065 XLVlll.

583 1155 754 1200 caarssruo
779 1156 813 1197 m
837 1157 969 1218 cuarsro
992 1159 1080 1201 rimo
1102 1159 1221 1202 uosrno

440 1271 637 1334 Luuuvluo
658 1268 897 1331 FRANCORUM
919 1272 1010 1332 REGI
1031 1273 1366 1334 ClllllSTlANlSSlMO

553 1493 557 1500 Ι
638 1391 871 1471 caeneus
897 1395 1027 1471 mm
1049 1369 1161 1472 xm.

1079 1553 1172 1610 Romre,
1184 1552 1310 1613 ajanuarii
1326 1557 1394 1602 1770.

369 1659 549 1727 carissime,
572 1663 631 1716 etc.
654 1655 741 1728 Quod
764 1655 1033 1735 predecessoribus
1053 1656 1163 1718 nostris
1182 1656 1213 1718 in
1234 1676 1318 1720 mora
1340 1658 1474 1738 positum

330 1755 464 1840 suit,ut
487 1753 534 1814 sui
550 1753 744 1834 pontificatus
757 1752 852 1815 ‘initio
878 1754 917 1815 ad
936 1754 988 1816 liei
1012 1755 1229 1835 omnipotentis
1250 1754 1474 1836 implorandum

331 1849 475 1912 auxilium
499 1869 555 1931 pro
576 1849 699 1913 salutari
728 1850 871 1912 univcrsae
895 1851 952 1912 sibi
976 1852 1145 1914 commissae
1162 1851 1300 1914 Ecclesiae
1327 1852 1474 1930 regimine

329 1966 450 2010 omnem
475 1947 658 2028 catholicum
679 1949 825 2029 populum
845 1949 955 2029 apertis
971 1949 1076 2011 divine
1097 1950 1307 2013 misericordia
1327 1950 1476 2011 thesauris

328 2033 510 2120 enodarem,
525 2046 557 2107 id
577 2046 670 2108 Nobis
681 2046 900 2108 studiosissime
915 2045 1089 2108 laciendum
1099 2066 1165 2110 esse
1180 2053 1290 2109 nostrae
1309 2047 1473 2128 prasertim

328 2145 467 2206 maximae
478 2144 660 2206 infirmitatis
674 2144 786 2206 conscii
801 2144 1019 2207 existimemus.
1044 2144 1203 2206 Jubilaeum
1217 2145 1307 2224 igitur
1327 2163 1383 2225 pro
1404 2144 1475 2205 uui-

327 2241 420 2301 versi's
433 2240 675 2301 christifidelibus
696 2240 862 2303 indicentes
882 2241 1045 2322 Episcopos
1068 2259 1174 2304 omnes
1191 2242 1382 2303 vehementer
1399 2241 1475 2302 hor-

329 2344 440 2410 tamur,
452 2342 487 2398 ut
497 2355 556 2397 sua
567 2336 636 2397 fidei
647 2336 795 2397 creditum
807 2355 928 2416 gregem
950 2337 988 2398 ad
1007 2357 1058 2399 eas
1068 2338 1125 2399 rite
1141 2338 1293 2400 faciendas
1308 2356 1410 2418 preces
1424 2336 1467 2397 di-

327 2435 444 2512 rigant,
470 2437 507 2496 ac
529 2434 568 2495 ad
588 2433 737 2498 curandas
761 2440 825 2496 tam
845 2435 949 2496 salutis
972 2432 1144 2516 suaquam
1160 2437 1287 2517 publicae
1306 2435 1475 2496 christiana

328 2531 467 2594 utilitatis*
485 2531 620 2593 rationes
636 2530 834 2592 inflamment.
854 2533 919 2606 Quo
940 2531 1190 2594 consentientium
1211 2533 1343 2612 undique
1365 2551 1475 2612 preca-

328 2631 445 2691 tionum
457 2628 591 2690 Subsidio
602 2628 676 2690 dum
685 2628 771 2690 valde
783 2629 975 2708 confidimus,
984 2631 1172 2708 Maiestatem
1180 2633 1276 2692 Tuam
1283 2632 1430 2709 majorem
1444 2631 1475 2692 in

327 2727 453 2788 modurn
467 2725 685 2788 obsecrandam
700 2743 870 2804 censemus,
888 2733 923 2788 ui
933 2745 989 2789 sua
999 2726 1159 2789 uobiscum
1172 2726 1272 2788 studia
1291 2728 1476 2806 conjungens

316 2824 400 2903 regii
410 2823 521 2885 favoris
530 2840 620 2903 opem
630 2821 771 2894 omuibus
784 2822 830 2885 sui
841 2823 1016 2904 amplissimi
1025 2824 1108 2904 regni
1118 2824 1294 2906 presulibus
1309 2824 1472 2905 impertiat,

327 2916 442 3002 suoque
451 2917 590 3001 prasidio
599 2923 664 2980 tam
676 2918 893 2996 necessarium,
905 2919 1009 2997 Nobis,
1022 2938 1058 2982 ac
1067 2920 1229 2983 universim
1244 2921 1474 2983 saluberrimum

326 3018 461 3080 futurum
474 3035 552 3098 opus
564 3015 697 3096 adjuvat,
712 3023 860 3088 sustentet
872 3036 909 3080 ac
918 3017 1073 3098 provebat.
1090 3018 1179 3092 Quod
1190 3018 1264 3080 dum
1277 3038 1294 3080 a
1308 3023 1338 3078 te
1348 3017 1474 3079 fidenter

325 3113 474 3193 petimus,
488 3131 551 3175 una
566 3114 658 3176 eliam
671 3114 872 3193 significamus
884 3115 915 3176 in
927 3114 1105 3205 apostolicis
1115 3115 1228 3192 jubilei
1241 3114 1346 3175 litteris
1360 3115 1475 3176 nullam

326 3224 382 3270 uos
389 3209 573 3271 mentionem
583 3209 755 3271 habendam
764 3210 884 3272 duxisse
893 3229 1011 3287 eorum,
1021 3209 1074 3289 qui
1084 3209 1173 3272 isthic
1181 3208 1397 3282 constitutioni,
1407 3227 1475 3288 quaa

326 3303 436 3389 incipil'
441 3308 618 3389 Unipcaitas
625 3307 824 3389 refragantur.
832 3312 874 3370 De
879 3309 989 3389 quibus
996 3307 1047 3370 iila
1056 3306 1212 3369 retinenda
1221 3312 1266 3368 est
1274 3304 1364 3381 ratio,
1377 3325 1472 3386 quam

326 3408 376 3466 Sa.
396 3407 489 3468 Mem.
509 3406 688 3468 Benedictus
709 3408 777 3468 XIV
799 3406 999 3492 predecessor
1019 3413 1122 3484 noster
1146 3405 1176 3467 in
1200 3402 1396 3467 celeberrima
1423 3404 1475 3466 illa

267 3505 269 3509 ’
326 3502 477 3584 encyclica
490 3502 617 3583 epistola
634 3502 682 3564 die
701 3515 736 3566 lo
750 3506 881 3567 octobris
895 3505 965 3567 anni
983 3515 1076 3582 1756,
1098 3502 1138 3565 ad
1150 3502 1251 3565 Gallia
1263 3501 1422 3582 episcopos
1442 3503 1473 3563 in

326 3600 457 3662 comitiis
468 3600 539 3661 cleri
559 3607 757 3682 congregatos
776 3601 849 3664 data
865 3601 1029 3671 tenendam
1045 3618 1110 3663 esse
1123 3597 1340 3681 sapientissime
1358 3596 1475 3659 censuit

326 3718 362 3762 ae
374 3699 547 3761 declararit.
561 3701 663 3782 Neque
673 3699 753 3762 enim
766 3700 1019 3780 indulgentiarum
1027 3699 1189 3781 participes
1197 3709 1263 3760 esse
1271 3701 1408 3776 possunt,
1422 3695 1474 3775 qui

281 3830 283 3833 ·
326 3799 357 3860 in
372 3797 521 3878 ejusmodi
535 3798 695 3861 obfirmato
711 3798 812 3860 animo
830 3802 1033 3878 perseverant.
1045 3799 1105 3858 Eos
1118 3795 1240 3876 quidem
1256 3795 1317 3856 Nos
1330 3799 1475 3874 putamus

326 3893 484 3976 pauciores
498 3893 529 3955 in
538 3893 603 3965 dies
612 3894 751 3971 existere,
768 3893 806 3954 de
820 3891 927 3954 iisdem
936 3897 1039 3953 tamen
1052 3890 1126 3953 illud
1137 3893 1248 3972 ipsum,
1264 3890 1347 3970 quod
1357 3889 1475 3971 prade-

327 4010 459 4055 cessoras
484 3992 579 4054 nostri
605 3991 644 4054 ad
663 3999 693 4054 te
714 3989 853 4054 antesin
874 3987 1123 4051 commendandis
1139 3987 1251 4067 jubilaei
1273 3975 1379 4048 litteris
1402 4004 1474 4066 pcr-

328 4091 523 4172 scripserunt,
535 4090 597 4150 'Nos
613 4089 704 4151 etiam
718 4090 952 4164 confirmamus,
968 4094 1077 4168 teque,
1092 4087 1245 4148 carissime
1259 4085 1290 4145 in
1302 4085 1420 4146 Christo
1432 4082 1473 4145 uu

220 4262 224 4269 ¹
327 4195 441 4268 noster,
458 4204 515 4271 pro
526 4187 579 4250 tuo
588 4204 659 4269 erga
672 4188 842 4270 apostolica
853 4185 932 4249 sedis
941 4185 1060 4249 decreta
1075 4184 1174 4248 studio
1184 4183 1272 4246 enixe
1278 4200 1432 4263 rogamus,
1441 4187 1475 4242 ut

328 4284 414 4363 regia
430 4286 585 4366 potestatis
599 4286 777 4349 auctoritate
799 4286 968 4349 animarum
981 4291 1120 4366 pastores
1141 4282 1245 4345 fulcire
1260 4300 1322 4345 non
1337 4280 1473 4356 desinas,

328 4388 363 4442 ut
374 4399 479 4444 omnes
491 4385 612 4448 turbem
627 4385 657 4446 in
677 4385 817 4449 eumdem
831 4403 953 4447 sensum
967 4383 1156 4462 eandemque
1170 4380 1349 4444 sententiam
1373 4376 1472 4439 addu-

329 4486 446 4541 cantur.
462 4482 582 4549 Interim
596 4484 709 4565 quoda
724 4490 755 4544 te
772 4502 852 4546 nunc
872 4483 910 4545 ad
929 4481 1117 4563 publicarum
1134 4497 1259 4560 precum
1271 4473 1475 4566 promovenda
