3188 5414
336 500 371 550 bl
767 491 966 548 caementis
985 492 1050 545 xlv

372 597 474 654 Eodem
481 597 537 657 fere
547 597 668 670 exemplo
675 597 785 653 muntia
797 595 936 652 mutandis
946 594 1062 652 Electori
1071 594 1224 650 Trevirensi
1230 593 1359 650 cardinali
1367 593 1401 650 de
1414 597 1487 650 Hut·

336 696 392 755 teo,
413 686 547 758 Episcopo
560 685 755 758 Bambergensi
774 693 801 741 et
814 685 1014 758 Herbipolensi,
1029 685 1147 741 Electori
1165 682 1333 751 Coloniensi,
1348 683 1488 756 Episcopo

336 775 553 843 monasteriensi,
567 776 701 848 Episcopo
714 783 742 834 et
754 774 847 832 abbati
858 775 1000 832 Fnldensi.

822 897 997 908 -—=

852 996 962 1068 LVlll.

746 1151 938 1195 vnunnoalnl
961 1150 1073 1193 annunt

683 1252 838 1314 annuo
864 1254 1130 1330 sarranice,

550 1374 704 1424 Erlscoro
726 1376 946 1426 BAMBERGENSI
966 1379 1007 1427 ET
1028 1374 1264 1437 naumachium,

641 1479 874 1558 CLEMENS
905 1482 1034 1558 PAPA
1067 1480 1174 1558 XIV.

1075 1631 1169 1688 florum,
1184 1635 1212 1678 ιο
1226 1626 1338 1677 februarii
1351 1629 1420 1676 1770.

377 1734 576 1805 Venerabilis,
590 1740 648 1796 etc.
668 1735 799 1798 Dilectus
819 1735 898 1797 filius
911 1734 1034 1797 Carolus
1048 1733 1226 1795 Emmanuel
1238 1729 1276 1794 de
1287 1727 1492 1811 Liitgendorli

332 1851 388 1915 per
401 1851 471 1895 suas
482 1831 522 1895 ad
534 1833 595 1902 Nos
608 1831 694 1895 datas
706 1833 821 1895 litteras
832 1830 970 1914 exposuit
987 1829 1081 1892 Nobis
1091 1830 1157 1909 jam
1170 1828 1333 1910 septimum
1347 1846 1383 1888 ac
1396 1826 1488 1888 deei-

332 1950 419 1994 mum
450 1948 515 1997 esse
541 1947 672 2007 annum,
696 1947 733 1991 ex
760 1947 821 2009 quo
844 1927 945 1990 divino
969 1925 1083 1987 lumine
1108 1925 1300 1987 collustratus
1332 1922 1370 1985 ab
1394 1923 1489 1984 hete-

332 2027 456 2090 rodoxis
476 2026 516 2090 ad
527 2025 692 2089 catholicos
705 2024 868 2102 transierit,
881 2030 1113 2104 constanterque
1133 2021 1246 2084 iuver
1265 2029 1386 2103 recepta
1403 2021 1485 2100 tide,

314 2127 416 2188 nulla
438 2124 787 2204 detrimentorumque
805 2122 912 2185 exinde
932 2121 1064 2185 insuam
1081 2138 1146 2182 rem
1159 2119 1340 2182 familiarem
1359 2137 1489 2182 emana-

333 2230 421 2300 runt,
435 2221 540 2284 habita
552 2221 687 2297 ratione,
707 2239 768 2284 non
781 2221 880 2283 solum
893 2219 958 2300 ipse
973 2217 1153 2299 perstiterit,
1174 2216 1228 2278 sed
1244 2216 1275 2277 in
1290 2216 1397 2278 eadem
1410 2215 1487 2277 dili-

332 2319 506 2400 gentissime
527 2318 691 2400 plurimos,
708 2337 785 2399 qnos
805 2318 937 2399 suscepit
944 2349 962 2396 ,·
970 2317 1083 2380 liberos
1105 2313 1267 2377 instituerit
1282 2319 1313 2376 et
1335 2313 1484 2406 educarit.

332 2416 482 2480 Maximos
493 2435 584 2498 porro
599 2416 714 2479 sruotns
734 2435 765 2478 se
777 2435 924 2497 suamque
939 2414 1085 2477 familiam
1097 2431 1215 2494 semper
1229 2411 1396 2494 percepisse
1411 2412 1482 2473 scri-

332 2511 379 2574 bit
389 2530 427 2573 ex
438 2529 561 2574 suornm
575 2510 748 2592 Principum
758 2512 952 2592 benignitate,
969 2530 1004 2573 ac
1014 2511 1181 2592 praesertim
1187 2508 1397 2572 Fraternitatis
1410 2514 1486 2587 tuae,

332 2626 401 2688 quae
414 2625 510 2668 unum
522 2625 560 2668 ex
581 2607 646 2684 ejus
659 2606 728 2669 tiliis
742 2607 773 2668 in
788 2607 913 2688 inopum
924 2605 1076 2668 Nobilium
1093 2606 1254 2687 collegium
1268 2605 1432 2688 receperit,
1449 2625 1490 2668 ac

331 2720 389 2785 pro
406 2709 459 2766 tua
472 2701 670 2766 beneficentia
683 2702 765 2764 brevi
784 2702 848 2767 lore
865 2709 976 2786 sperat,
994 2711 1028 2766 ut
1047 2704 1175 2785 recipiat
1191 2711 1222 2767 et
1238 2705 1376 2767 alterum.
1396 2704 1491 2768 Nmi-

331 2801 363 2863 lo
372 2807 476 2864 tamen
485 2799 585 2863 minus
598 2818 616 2862 a
627 2798 720 2862 Nobis
729 2800 921 2867 uehementer
929 2801 1016 2884 petit,
1029 2806 1064 2863 ut
1073 2800 1214 2864 eumdem
1222 2800 1288 2879 tibi,
1301 2819 1490 2883 omnemque

333 2916 403 2960 eam
417 2897 563 2960 familiam
579 2903 706 2978 paterna
722 2896 847 2959 caritate
867 2893 1125 2974 commendemus,
1137 2901 1281 2976 tuamque
1296 2894 1327 2956 in
1340 2914 1411 2957 eum
1426 2916 1490 2958 vo-

331 2995 491 3074 luntatem,
506 2996 562 3059 etsi
576 2995 663 3057 valde
681 3013 864 3077 propensam
882 3013 918 3056 ac
930 2994 1093 3075 bonignam
1103 3040 1111 3073 ,
1131 2992 1359 3076 propensiorem
1380 2999 1489 3057 tamen

230 3123 232 3126 >
332 3092 599 3173 benignioremque
612 3092 769 3155 faciamus.
779 3092 880 3168 Vides,
893 3091 1078 3154 Venerabilis
1087 3093 1203 3168 Frater,
1218 3084 1279 3153 Nos
1287 3089 1411 3153 minime
1424 3111 1490 3173 po-

332 3188 426 3248 tuisse
436 3187 501 3248 haeo
514 3187 613 3249 eidem
624 3186 724 3248 oliicia
737 3186 895 3266 denegare,
910 3186 1076 3266 pracsertim
1084 3187 1165 3267 apud
1179 3194 1224 3266 tc,
1237 3187 1289 3268 qui
1303 3206 1373 3250 eum
1385 3187 1488 3270 ipsum

336 3281 450 3361 optime
467 3283 597 3360 noveris,
616 3288 739 3343 tuorum
750 3281 965 3361 beneficiorum
978 3289 1132 3365 expertem
1144 3303 1208 3348 esse
1225 3304 1286 3347 non
1308 3285 1391 3348 sinis.
1405 3287 1493 3348 Gra-·

334 3376 484 3439 tissimum
497 3380 596 3459 itaque
610 3377 704 3440 Nobis
716 3377 834 3457 seceris,
848 3378 952 3459 addas,
971 3399 1008 3442 ex
1024 3399 1085 3462 quo
1099 3380 1262 3462 intelligere
1278 3381 1373 3463 possit
1389 3389 1420 3445 et
1433 3402 1488 3446 se-

335 3475 440 3538 dulam
458 3477 561 3557 fnisse,
578 3496 613 3539 ec
629 3496 667 3539 ex
685 3483 812 3561 paterna
830 3480 983 3543 voluntate
1002 3479 1169 3563 proiectam
1190 3478 1487 3543 commendationem

334 3575 487 3652 Nostram,
502 3579 532 3635 et
543 3573 682 3636 eamdem
694 3573 775 3655 apud
787 3580 819 3636 te
835 3575 998 3657 plurimum
1009 3575 1153 3659 ponderis
1164 3575 1317 3655 habuisse,
1333 3575 1487 3658 praecipue

336 3690 408 3734 vero
419 3670 502 3732 illam
513 3690 578 3735 esse
589 3680 649 3735 tuae
659 3672 689 3734 in
699 3690 770 3734 eum
779 3673 982 3748 beneficentiae
993 3692 1116 3737 eausam
1126 3674 1291 3757 percipiat,
1302 3675 1486 3756 quodquam

336 3775 428 3831 antea
447 3767 564 3831 Christo
577 3771 705 3833 Domino
727 3770 819 3832 iidem
836 3771 962 3849 dederit,
983 3771 1122 3835 camdem
1143 3779 1225 3835 caste
1241 3771 1349 3854 pieque
1364 3791 1485 3836 servare

336 3867 468 3945 studeat,
484 3885 520 3930 ac
533 3866 564 3929 in
574 3866 721 3930 familiam
732 3885 819 3930 snam
827 3867 997 3950 liberosque
1008 3868 1204 3932 transmittat.
1218 3872 1288 3932 Haeo
1297 3876 1378 3949 sunt,
1389 3871 1486 3933 Vene-

333 3965 437 4027 rabilis
447 3967 563 4042 Frater,
578 3965 729 4044 quadum
741 3984 759 4026 a
771 3970 800 4027 te
812 3963 976 4045 poscimus,
991 3965 1130 4048 cupimus
1142 3973 1176 4028 ut
1189 3966 1295 4029 exinde
1304 3965 1395 4029 etiam
1409 3985 1484 4048 cog-

334 4082 462 4142 noscas,
474 4081 535 4144 qua
547 4068 606 4124 tuee
619 4062 650 4124 in
663 4064 725 4124 Nos
734 4062 855 4145 pietatis
870 4080 905 4124 aa
917 4063 1113 4127 observantiae
1127 4061 1238 4126 fiducia
1252 4062 1358 4142 simus,
1372 4081 1485 4144 quam-

334 4180 395 4240 que
408 4160 547 4238 eamdem
560 4177 632 4221 eum
645 4158 787 4238 singulari
798 4158 1017 4238 conjungamus
1029 4159 1185 4240 pontificia
1199 4159 1335 4238 caritate,
1354 4160 1386 4221 in
1399 4159 1486 4239 enjus

335 4257 445 4339 pignus
455 4257 652 4340 apostolicam
661 4255 901 4318 benedictionem
914 4255 980 4335 tibi,
993 4257 1179 4338 Venerabilis
1192 4259 1297 4319 Frater
1308 4275 1486 4339 ,peraman-

336 4360 382 4415 ter
397 4354 596 4434 impertimur.
612 4357 725 4417 Dolum
740 4357 851 4429 Rome,
867 4361 936 4432 etc,
953 4356 1001 4417 dte
1020 4368 1055 4416 10
1060 4353 1213 4433 februarii
1228 4367 1315 4435 1770,
1327 4358 1485 4436 pontefica-

337 4458 387 4513 tus
404 4458 498 4512 eostre
512 4473 590 4515 uano
608 4456 717 4532 primo.
1468 4470 1471 4475 ·

822 4548 997 4561 m
