3188 5414
221 472 272 520 226
514 532 517 537 ¹
643 467 845 521 CLEMENTIS
864 466 928 519 XIV

218 577 322 630 nostra
347 571 447 632 divina
461 590 518 650 ope
540 572 670 632 maxime
693 572 874 652 indigemnS‚
897 589 1050 650 nunquam
1074 587 1237 630 immemor
1266 569 1366 630 lutura

219 667 269 726 sis.
287 669 362 727 Cum
375 667 464 747 igitur
474 687 655 749 magnopere
670 669 762 730 Nobis
773 686 949 748 persuasum
961 667 999 728 sit
1010 685 1069 728 non
1086 666 1239 727 mediocre
1253 665 1368 728 iactum

220 763 255 824 iri
285 783 322 826 ex
342 765 401 826 hoe
428 767 606 828 munusculo
626 773 685 828 tuae
714 766 880 827 devotionis
903 765 1140 839 incrementum,
1172 761 1369 823 vehementer

220 860 312 921 etiam
322 869 479 942 optamus,
499 864 618 925 utillud
637 883 729 945 penes
746 865 896 926 tehabere
910 864 983 925 velis
997 870 1155 943 tamquam
1170 859 1317 922 eximium
1334 879 1370 920 ac

218 965 400 1037 perpetuum
426 961 584 1040 pontificia
615 961 747 1022 caritatis
772 961 896 1042 pignus,
916 961 994 1022 unde
1023 967 1076 1021 tua
1108 959 1138 1019 in
1163 956 1365 1037 apostolicam

219 1053 298 1114 hanc
310 1053 418 1115 Sedem
437 1056 536 1117 studia
555 1057 651 1135 magis
673 1056 777 1119 indies
795 1056 1028 1128 inflammentur,
1041 1056 1123 1136 quod
1142 1055 1270 1116 mirifice
1293 1072 1364 1114 cum

219 1151 321 1230 ipsein
331 1155 392 1213 Deo
401 1153 510 1234 pietate
515 1200 523 1231 ,
534 1173 569 1215 ac
581 1155 662 1215 filiali
675 1163 727 1217 tuo
737 1155 767 1215 in
778 1157 838 1217 Nos
848 1156 1137 1218 officioconscntitet
1148 1153 1300 1233 congruit.
1314 1156 1369 1214 De-

218 1249 347 1309 mumab
357 1251 493 1311 omnium
502 1252 653 1313 bonorum
661 1251 814 1331 Largitore
822 1235 970 1315 veroniae
979 1254 1106 1316 solidam
1116 1253 1304 1329 felicitatem,
1314 1254 1368 1314 tibi

218 1343 410 1407 dilectissima
427 1346 457 1407 in
471 1347 587 1410 Christo
604 1349 665 1410 lilia
686 1357 787 1412 nostra
796 1397 805 1429 ,
825 1360 940 1434 tuaeque
963 1355 1070 1415 inclitae
1083 1351 1245 1414 Electorali
1257 1351 1368 1412 Domui

220 1443 307 1504 enixe
321 1463 492 1525 precamur,
508 1465 543 1506 ac
559 1447 693 1524 eiusdem
713 1449 858 1512 uberioris
878 1452 980 1530 gratiae
994 1452 1147 1532 auspicem
1169 1449 1369 1530 apostolicam

217 1540 457 1604 benedictionem
469 1541 575 1605 intimo
588 1544 706 1624 paterni
722 1545 820 1607 cordis
835 1565 923 1608 sensu
937 1548 1143 1610 amantissime
1157 1544 1368 1625 impertimur.

221 1641 334 1702 Datum
356 1643 469 1716 Rotae,
495 1650 566 1719 etc,
584 1643 633 1702 die
657 1656 689 1702 21
711 1645 815 1721 aprilis
843 1656 930 1721 1772,
953 1649 1145 1724 pontificatus
1163 1647 1261 1705 nostri
1287 1661 1370 1703 anno

218 1744 316 1799 lertio.
404 1792 405 1798 ,

694 1836 877 1846 -ι---

747 1958 837 2026 cell.

510 2113 651 2154 nlnncnls
673 2114 769 2154 nitus
791 2113 957 2154 {tonitruus
980 2115 1069 2154 vlnls

223 2291 226 2298 .
287 2217 454 2277 7777777
476 2219 525 2276 77
547 2217 802 2278 consumans
824 2218 1064 2280 7777777777
1085 2221 1301 2282 77777777

530 2339 762 2414 CLEMENS
790 2342 917 2416 PAPA
946 2342 1051 2416 XIV.
1134 2409 1136 2412 Α

980 2495 1076 2550 Romae,
1093 2498 1121 2540 27
1136 2493 1219 2553 aprilis
1236 2498 1308 2544 1772.

260 2593 378 2653 Dilecti
386 2639 395 2661 ,
413 2601 465 2653 etc.
482 2592 613 2655 Reddita
626 2593 717 2655 Nobis
731 2593 850 2656 fuerunt
860 2596 1057 2659 Nobilitatum
1076 2605 1246 2659 vestrarum
1262 2599 1370 2664 littera.

220 2708 236 2747 a
248 2687 357 2749 dilecto
375 2688 436 2750 lilio
454 2692 615 2752 Benedicto
626 2693 698 2772 Stay
713 2691 818 2752 intimo
834 2699 937 2754 nostro
953 2694 1155 2772 cubiculari0‚
1178 2714 1215 2756 77
1229 2696 1369 2758 brevium

218 2786 256 2847 ad
275 2788 424 2870 principes
444 2790 620 2868 secretario,
643 2789 694 2870 qui
716 2796 831 2854 vestros
854 2792 944 2853 etiam
961 2792 1174 2867 observantie,
1195 2793 1321 2877 pietatis
1334 2814 1369 2857 77

218 2886 384 2950 devotionis
408 2909 479 2970 erga
498 2885 574 2968 Nos',
601 2900 691 2971 atque
713 2890 791 2951 hanc
804 2891 1008 2972 Apostolicam
1035 2892 1143 2953 Sedem
1168 2893 1368 2973 plenissimos

217 2984 324 3048 s'cnsus
344 3007 448 3049 coram
465 2988 699 3050 luculentissime
725 2987 912 3069 significavit.
934 2986 1134 3051 Verissimum
1158 3008 1214 3053 vos
1236 3009 1310 3053 sane
1331 2991 1370 3052 de

216 3082 308 3143 Nobis
322 3085 469 3161 judicium
482 3085 595 3164 facitis,
614 3105 702 3164 cum,
723 3094 813 3169 prout
826 3085 971 3163 scribitiS,
987 3087 1049 3149 Nos
1060 3105 1120 3148 non
1133 3094 1198 3149 tam
1213 3088 1365 3168 magnitu-

217 3181 302 3257 dine,
319 3183 445 3264 0pibus‚
464 3203 499 3246 ac
512 3185 624 3266 copiis,
636 3204 729 3266 quam
741 3184 910 3266 probitate,
932 3204 968 3247 ac
987 3186 1128 3266 religione
1147 3190 1320 3247 nostrorum
1333 3184 1368 3247 in

217 3277 333 3342 Christo
358 3281 487 3343 liliorum
509 3284 676 3363 permoveri
701 3282 885 3346 existimetis.
904 3285 974 3345 Haec
992 3284 1074 3347 euim
1089 3301 1160 3347 vera
1181 3300 1216 3345 ac
1229 3281 1368 3343 maxima

217 3375 375 3437 civitatum
387 3385 564 3444 ornamenta
574 3398 659 3457 esse,
680 3388 769 3463 atque
789 3381 859 3443 hinc
872 3381 999 3445 solidam
1022 3380 1189 3445 earundem
1205 3398 1367 3445 commen-

218 3473 370 3536 dationem
394 3481 483 3557 atque
505 3477 664 3539 utilitatem
686 3479 837 3559 proficisci
864 3480 1011 3542 ducimus.
1036 3482 1171 3561 Cumque
1197 3497 1251 3541 vos
1282 3478 1368 3542 hisce

217 3560 356 3635 laudibus
372 3573 533 3638 instructos
550 3593 615 3637 7777
633 3575 758 3639 minime
774 3577 866 3647 Nobis
889 3577 1015 3642 dubium
1036 3577 1091 3653 sit,
1113 3563 1306 3656 dignissimos
1317 3576 1369 3639 id-

217 3671 298 3734 circo
310 3671 445 3738 arbitrati
457 3693 577 3750 sumus,
590 3692 666 3754 quos
680 3673 834 3756 pontificia
852 3674 995 3754 singulari
1011 3674 1135 3737 caritate
1149 3674 1368 3757 complectere·

217 3789 297 3839 mur.
311 3773 408 3847 Quare
419 3790 490 3833 oum
501 3771 709 3857 opportunitas
723 3791 786 3834 sese
803 3772 976 3849 obtulisset,
993 3771 1185 3835 libentissime
1195 3791 1253 3853 777
1266 3779 1368 3834 vestra

217 3870 560 3952 vestraequereipuhlicae
580 3871 785 3935 incolumitate
804 3878 929 3952 paterna
951 3863 1057 3933 studia
1068 3877 1171 3931 nostra
1186 3869 1368 3951 interposui-

217 3987 296 4031 mus.
313 3971 447 4045 Quorum
458 3969 530 4030 dum
542 3969 745 4050 optatissimos
756 3968 852 4030 exitus
868 3988 960 4050 quam
974 3969 1105 4030 maxime
1120 3967 1278 4048 cupimus,
1289 3968 1366 4030 intc-

216 4067 275 4129 rim
285 4087 360 4130 verae
371 4068 583 4151 tranquilitatis
598 4088 633 4131 ae
642 4067 727 4150 pacis
739 4073 894 4130 auctorem
903 4071 999 4129 Deum
1013 4067 1168 4148 Optimum
1183 4066 1366 4143 Maximum,

216 4166 248 4225 in
262 4185 444 4247 quoomnes
458 4167 561 4250 positae
576 4186 645 4248 spes
668 4186 731 4229 esse
742 4162 868 4246 debent,
890 4185 946 4247 pro
968 4173 1067 4227 vestra
1081 4164 1291 4227 incolumitate
1309 4165 1366 4227 de-

127 4307 129 4311 .
216 4265 330 4340 precari
346 4284 407 4327 non
420 4264 655 4327 intermittimus.
671 4267 733 4329 Vos
748 4264 840 4342 item,
860 4270 1009 4344 quantum
1022 4281 1183 4344 possumus
1194 4307 1203 4338 ,
1216 4262 1367 4326 cohorta-

217 4377 297 4437 mur,
308 4361 406 4424 dilecti
419 4363 471 4424 lilii
481 4362 596 4425 nobiles
607 4363 673 4440 viri,
687 4368 720 4424 ut
730 4363 768 4426 ab
775 4363 834 4425 boc
841 4363 991 4425 bonorum
999 4360 1136 4423 omnium
1142 4359 1225 4442 fonte
1234 4360 1367 4421 salutem

216 4463 347 4519 vestram
357 4462 483 4527 assiduis
495 4461 635 4542 precibus
645 4463 807 4542 expetatis,
820 4469 850 4523 et
865 4479 935 4522 cnm
947 4460 1079 4522 divinam
1089 4457 1282 4521 clementiam
1293 4475 1368 4519 om-
