3188 5414
594 523 834 578 ·DOCUMENTA
854 522 978 576 vluit.
1312 527 1363 576 w

220 630 425 710 expositorum
439 644 554 708 equum
567 627 717 688 rationem
726 626 853 702 hubent,
867 633 899 686 et
910 643 971 706 quo
984 630 1095 704 penest
1105 621 1197 684 modo
1209 624 1364 703 provideat
1391 693 1394 700 ,

215 746 258 788 ne
267 732 386 788 secutus
393 725 457 803 jem
465 724 612 785 discessus
620 722 949 786 dictilleverendissimi
958 721 1107 783 Druinier
1118 721 1242 783 Polouia
1252 723 1364 804 ubsque
1437 707 1440 719 ’

218 842 271 894 eo,
286 829 319 884 ut
331 822 481 902 extemplo
494 840 551 902 pro
563 839 651 884 more
661 823 915 902 predecessorum
928 840 1068 898 suorum,
1082 839 1141 901 pro
1152 819 1298 901 dignitate
1315 841 1364 884 co·

218 934 298 977 rone
305 933 389 994 mee,
400 922 432 977 et
440 917 596 997 promissis
606 917 700 979 etiam
709 919 742 979 S.
753 919 795 980 lt.
809 916 977 987 Beatissimi
989 916 1185 986 umeoessoris
1194 917 1364 980 Suuetitetis

217 1016 329 1075 vestre
340 1031 397 1094 per
417 1033 564 1095 organum
572 1016 741 1077 ⁸secretoria
753 1017 854 1077 Status
866 1015 1050 1095 competenti
1060 1014 1253 1095 promotione
1264 1013 1365 1077 donn-

151 1103 152 1106 ’
218 1118 310 1187 retur,
322 1110 354 1172 in
364 1111 459 1177 ullum
468 1111 666 1194 imposterum
676 1115 831 1195 sequelam
840 1113 989 1177 trahetur.
1000 1147 1041 1161 -
1053 1113 1138 1188 Quod
1148 1096 1363 1194 reliqrmmdst,

218 1207 458 1272 nenedenonem
468 1209 664 1289 apostolicam
677 1216 709 1271 et
722 1210 897 1272 continuem
910 1209 941 1272 in
952 1227 1001 1272 me
1014 1216 1045 1272 et
1053 1210 1273 1290 rempublicam
1286 1208 1364 1270 hmo

218 1305 448 1384 propensionem
463 1312 493 1366 et
504 1305 618 1384 studia,
632 1324 746 1387 pronus
762 1326 781 1368 a
794 1307 957 1370 Sanctitate
970 1308 1077 1369 Vestra
1088 1305 1219 1387 deposco
1227 1351 1236 1384 ,
1252 1312 1284 1367 ot
1297 1306 1365 1386 ple-

217 1399 339 1474 nissima
348 1415 418 1463 cum
429 1402 619 1466 veneratione
631 1403 774 1483 pmliteor
787 1423 836 1466 me
850 1423 926 1478 esse,

210 1509 225 1535 ”
292 1516 592 1581 ‘sanctitutis‘testrae
994 1547 997 1551 ·

317 1631 319 1635 ¹
592 1614 876 1678 Obedientissimum
891 1615 1005 1693 filium,

736 1741 926 1797 Srrmsnnns
940 1727 1113 1809 Annusrus,
1128 1743 1187 1797 Rem
1197 1736 1327 1795 rotante.
1422 1816 1424 1820 Α

253 1880 397 1944 nahmen
409 1880 601 1939 tamniedie
615 1881 762 1940 romensis
781 1881 941 1952 septembris
967 1886 1043 1939 emo
1057 1880 1170 1939 Domini
1186 1885 1264 1948 tm,
1287 1879 1364 1951 regui

220 1967 502 2034 rememilxnnno.
1043 1973 1053 1988 ,

706 2179 868 2251 ccxciv.

325 2354 528 2415 SANC11§§1M0
548 2355 587 2399 Ac
612 2353 792 2407 Bessissluo
814 2355 849 2401 IN
871 2355 1002 2399 cuulsrn
1024 2355 1117 2401 PATRI
1139 2355 1258 2401 uoltum

218 2470 413 2531 utendum
425 2468 566 2532 mvl-ul
586 2469 852 2530 Pnovlnmt'rtl
864 2469 978 2529 PAPAE
993 2470 1087 2536 Eltls
1100 2470 1262 2532 nemms
1283 2470 1362 2544 xlv,

376 2593 478 2644 sreno
488 2586 615 2644 sineru
626 2594 766 2647 nonnos
777 2595 818 2643 ro
830 2592 1037 2644 mrumsrms
1050 2593 1210 2643 munusue

419 2687 584 2756 >murmur
600 2707 728 2762 urxmo
744 2708 869 2761 nennio
885 2707 1147 2763 cunimunssmo.

926 2844 1063 2903 numne.
1074 2847 1104 2895 27
1115 2842 1301 2899 omousius.

218 2984 221 2989 ·
258 2953 672 3021 Snoodmimrroedentisrime
681 2956 715 3010 io
725 2951 845 3011 diruto
853 2950 960 3026 Pater,
970 2951 1100 3010 Dareine
1112 2950 1362 3010 eemeenntme.

217 3052 291 3112 Post
301 3050 408 3112 occule
425 3048 538 3130 pedum
554 3047 726 3111 Sarmtitetis
748 3048 877 3124 Vestrae,
892 3046 971 3124 mei,
990 3045 1134 3127 regnique
1155 3064 1192 3108 nc
1207 3045 1365 3108 Dominio-

218 3165 288 3209 rum
298 3149 437 3209 meorum
448 3143 650 3208 humillimum
659 3142 964 3205 commendationem
974 3143 1041 3217 Quo
1052 3147 1132 3205 stetu
1145 3141 1204 3204 sint
1214 3159 1262 3204 res
1273 3142 1365 3204 Polo-

218 3243 309 3321 nice‚
324 3242 457 3324 primum
476 3239 623 3302 intestinis
640 3229 787 3317 dissidiis,
806 3257 860 3321 per
873 3238 989 3320 aliquot
1008 3230 1103 3300 annos
1119 3238 1278 3317 diuemtae,
1298 3244 1364 3300 tum

218 3342 341 3405 demum
354 3339 528 3427 Principum
538 3345 710 3401 exterorum
724 3338 816 3401 armis
826 3356 990 3420 oppresse,
1006 3355 1042 3400 nc
1055 3356 1111 3419 pro
1121 3338 1266 3418 cujusque
1280 3337 1364 3400 libitu

216 3439 334 3516 occisae,
351 3445 486 3516 nonest,
506 3456 562 3500 eur
572 3437 614 3500 ob
625 3437 729 3499 oculos
738 3435 896 3506 Sanctitnti
907 3436 1034 3512 Vestre,
1048 3434 1151 3497 omnin
1164 3435 1305 3516 predere
1317 3436 1365 3497 vi-

218 3536 316 3612 denti,
329 3535 449 3597 nunoiis
460 3536 533 3617 ipsis
544 3554 580 3597 nc
595 3534 792 3597 lemnorbem
804 3535 1040 3616 complentibus,
1052 3534 1194 3616 ponatui.
1205 3534 1293 3610 Quod
1307 3554 1365 3597 uu-

219 3642 281 3696 tem
292 3632 402 3695 alllicto
410 3679 418 3711 ,
434 3632 611 3711 dilacerato,
627 3623 876 3714 amplissimisque
889 3632 977 3695 terris
985 3632 1145 3694 imminute
1161 3649 1253 3712 regno
1263 3631 1364 3694 ortho-

219 3730 314 3807 doxo,
334 3747 395 3792 non
410 3728 492 3792 alind
505 3729 647 3791 solatium
663 3715 693 3790 et
714 3729 857 3790 auxilinm
874 3729 930 3807 sit,
951 3745 1045 3809 quam
1064 3727 1095 3791 in
1109 3727 1176 3797 sinn
1196 3727 1365 3802 communis

219 3825 300 3887 orbis
315 3824 469 3889 christiani
488 3825 625 3887 Parentis
640 3825 837 3901 collocatum,
858 3824 889 3887 id
902 3843 959 3904 ego
976 3842 1029 3885 rex
1043 3823 1209 3904 obsequens
1223 3823 1302 3885 filius
1310 3870 1319 3904 ‚
1334 3824 1364 3885 id

220 3929 340 3984 senatus
348 3968 357 4000 ,
371 3921 522 4002 religionis
536 3920 694 3982 Catholicae
705 3921 843 3983 defensor
855 3927 1012 3998 strenuus,
1027 3920 1058 3983 in
1069 3920 1208 3984 universa
1228 3922 1362 4000 Polonin,

219 4039 294 4081 vere
305 4020 374 4085 fidei
384 4020 659 4101 propugnaculum,
670 4026 700 4081 et
709 4037 897 4081 summorum
908 4018 1085 4100 pontificum
1095 4019 1203 4082 cultrix
1214 4020 1362 4100 religiosa,

219 4125 348 4198 paterne
363 4118 519 4182 Sanctitnti
533 4120 645 4183 vestre
659 4119 847 4200 exponimus.

258 4219 331 4277 tres
342 4216 444 4277 vicine
456 4217 547 4294 nulae,
562 4216 751 4289 Viennensis,
765 4217 998 4296 Petropolitana,
1014 4233 1050 4276 ec
1059 4215 1269 4306 Berolinensis,
1282 4217 1364 4279 nulla

153 4316 156 4321 ’
219 4311 279 4372 laesi
293 4310 368 4388 juris
389 4311 435 4371 sui
456 4311 656 4393 expositione,
670 4313 780 4374 nedum
795 4313 854 4374 nlla
867 4313 1066 4376 vindicatione
1080 4314 1255 4375 seculorum
1269 4313 1364 4376 inter-

220 4407 304 4468 vallis
318 4407 413 4485 lacta,
428 4409 652 4488 opportunitate
662 4410 847 4471 internorum
859 4409 1028 4490 reipublice
1042 4417 1180 4472 motuum
1195 4429 1271 4488 nsae,
1287 4411 1364 4472 illius

220 4504 306 4570 unalis
318 4525 366 4566 res
387 4519 455 4566 snas
470 4509 588 4587 angeri,
607 4527 699 4588 qnam
713 4507 843 4569 maxime
855 4507 1049 4570 decreverunt
1056 4532 1064 4585 3
1085 4507 1226 4570 immissis
1240 4509 1363 4589 proinde
