3188 5414
321 528 338 575 2
625 565 626 569 ,
751 521 951 576 etl-:usulis
971 522 1038 578 xlv

319 626 454 705 plicaret.
476 624 739 686 Persuasissimum
759 620 839 687 enim
861 626 934 690 illud
949 645 1013 689 csse
1033 628 1179 708 Maiestati
1198 634 1260 689 tuac
1278 629 1471 692 vehementer

319 728 478 800 optamus,
490 722 609 783 nullum
623 720 714 783 oflicii
729 739 842 800 genus,
861 723 978 783 nullum
990 722 1148 801 singularis
1160 721 1375 783 benevolentiae
1387 725 1470 785 lesti-

318 817 454 878 monium
465 816 613 897 proficisci
626 837 644 878 a
656 817 748 878 Nobis
759 834 859 897 posse,
876 815 959 899 quod
970 833 1032 881 non
1044 818 1236 880 libentissime
1247 816 1278 878 in
1290 823 1320 878 te
1330 817 1469 882 conferre

316 915 489 995 cupiamus,
511 921 544 975 ut
565 916 606 975 ita
620 923 755 976 nostrum
763 934 916 976 summum
929 915 1062 977 studium
1070 961 1080 991 ,
1094 922 1183 995 atque
1195 914 1337 975 eximiam
1351 933 1422 994 erga
1437 924 1468 978 te

315 1015 501 1076 voluntatem
512 1014 648 1095 reipsaiu
658 1014 798 1076 omnibus
808 1013 859 1074 tibi
870 1014 1249 1095 comprobemus.Demum
1258 1014 1343 1074 aDeo
1352 1014 1469 1094 optimo

315 1112 450 1173 maximo
464 1110 549 1173 enixe
570 1112 715 1192 petimus,
740 1116 774 1172 ut
796 1111 909 1173 faustos
930 1130 1033 1174 rerum
1053 1117 1194 1188 tuarum,
1209 1110 1465 1194 consiliorumque

314 1207 449 1267 orrmium
470 1227 627 1269 successus
643 1226 709 1268 esse
724 1207 809 1283 velit,
825 1217 942 1288 nosque
956 1208 1120 1270 caelestium
1134 1226 1295 1269 munerum
1309 1209 1465 1289 auspicem

314 1305 509 1385 apostolicam
522 1305 762 1366 benedictionem
775 1305 844 1382 tibi,
874 1305 1026 1366 carissime
1041 1305 1071 1365 in
1084 1304 1200 1366 Christo
1214 1303 1256 1364 fili
1268 1307 1381 1379 noster,
1398 1306 1467 1366 uni-

312 1422 465 1484 versaeque
483 1404 573 1483 regiae
592 1403 697 1464 domui
713 1409 774 1464 tuac
795 1402 996 1465 amantissime
1010 1403 1209 1485 impertimur.
1235 1405 1350 1464 Datum
1364 1405 1466 1464 Romae

311 1503 396 1580 apud
417 1504 446 1564 S.
469 1505 597 1562 Marium
613 1502 759 1578 Maiorem
772 1503 827 1562 aab
843 1504 958 1562 cabulo
976 1505 1152 1582 Piscatoric,
1165 1503 1214 1563 ate
1230 1513 1264 1564 14
1278 1504 1361 1569 iunii
1376 1513 1465 1576 1769,

310 1599 504 1676 pontificatus
517 1601 613 1657 laostri
624 1616 705 1658 acac
724 1603 830 1676 primo.

868 1812 907 1880 ΙΙ.

576 1969 736 2011 camssuio
759 1971 791 2010 m
813 1967 949 2010 cuuisro
970 1966 1050 2008 ertio
1072 1965 1189 2008 nosruo

393 2076 561 2135 JOSEPHO
582 2076 624 2135 ΙΝ
644 2074 898 2136 ROMANORUM
920 2070 1207 2131 lMPERATOREM
1229 2071 1377 2131 ELECTO

615 2195 850 2272 CLEMENS
879 2196 1013 2272 PAPA
1041 2195 1146 2269 XIV.

1102 2370 1201 2422 Romae,
1217 2365 1244 2412 al
1261 2362 1323 2423 iunii
1341 2367 1409 2413 1769.
1508 2396 1519 2406 .

347 2473 522 2542 Curtsstme,
538 2478 594 2531 etc.
609 2471 653 2530 Ob
665 2468 804 2547 egregias
814 2468 904 2529 animi
918 2467 1006 2529 dolas
1016 2483 1052 2529 ac
1061 2468 1228 2547 singulares
1239 2469 1377 2548 virtutes,
1388 2472 1457 2552 qui·

306 2567 361 2627 bus
380 2567 544 2645 Maiestatis
558 2572 618 2628 tuae
638 2564 719 2646 apud
740 2583 796 2625 nos
810 2573 971 2637 oratorem,
988 2563 1193 2625 consiliarium
1208 2565 1367 2641 actualem,
1391 2565 1458 2625 inti·

304 2683 389 2725 mum
404 2666 601 2726 camerarium
616 2664 760 2726 dilectum
771 2662 868 2725 filium
883 2662 1016 2725 nobilem
1026 2664 1125 2725 virum
1140 2667 1300 2725 Ernestum
1313 2665 1457 2726 comitem

304 2761 342 2820 de
357 2761 481 2823 Kaunitz
502 2760 636 2840 Rittberg
660 2760 924 2822 instructissimum
948 2776 1013 2821 esse
1034 2756 1242 2838 eognovimus,
1263 2759 1459 2822 vehementer

304 2871 376 2915 saue
390 2874 579 2938 cuperemus,
594 2862 627 2919 ut
640 2854 720 2918 idem
734 2863 804 2938 post
817 2853 1023 2936 gratulationis
1036 2872 1072 2917 ac
1085 2854 1184 2917 filialis
1196 2854 1391 2935 observantia
1402 2863 1459 2919 tuo

303 2949 424 3012 nomine
436 2953 574 3031 praestitae
588 2953 689 3016 oltlcia
707 2954 851 3034 praeclare
869 2950 1026 3014 nobiscum
1038 2949 1383 3032 peractadiutiuspenes
1394 2950 1457 3015 Nos

302 3058 552 3119 commoraretur.
567 3052 713 3126 Quoniam
725 3058 825 3113 autem
840 3050 984 3112 eumdem
998 3048 1214 3129 Neapolitana,
1231 3065 1291 3128 qua
1303 3046 1458 3129 perfungi-

301 3146 360 3221 tur,
374 3144 532 3224 legationis
550 3148 681 3210 rationes
700 3144 771 3207 illuc
785 3150 940 3221 revocant,
955 3143 1213 3225 quemadmodum
1227 3140 1396 3205 venientem
1415 3146 1455 3206 ad

300 3245 363 3306 Nos
375 3244 568 3307 libentissime
582 3244 769 3325 excepimus,
785 3242 826 3304 ita
838 3249 890 3304 tuo
907 3244 994 3322 jussu
1015 3239 1258 3322 proficiscentem
1277 3238 1453 3302 luculentis-

300 3336 382 3400 simis
398 3336 560 3419 pontiliciae
582 3337 801 3401 benevolentiae
822 3337 1000 3399 testimoniis
1019 3336 1241 3418 prosequimur,
1257 3335 1454 3414 etlllaieslati

300 3443 372 3512 tuae,
394 3455 469 3517 quas
490 3434 644 3499 uberiores
666 3438 738 3499 dare
755 3452 916 3518 possumus
930 3438 961 3498 in
984 3437 1147 3499 commisso
1166 3434 1307 3499 obeundo
1328 3452 1454 3499 munere

299 3528 378 3597 illius
392 3534 475 3612 fidei,
486 3535 665 3617 prudentiae,
681 3556 716 3599 ac
728 3537 759 3598 in
771 3538 833 3599 Nos
846 3536 963 3618 pietatis
973 3534 1206 3616 significationes
1218 3536 1372 3599 universas
1386 3536 1454 3599 red-

299 3630 409 3695 dimus.
425 3633 518 3696 Porro
540 3630 720 3697 confidimus
743 3630 819 3710 fore,
836 3643 868 3697 ut
881 3634 962 3696 idem
985 3633 1173 3715 Maiestatem
1186 3640 1271 3698 tuam
1293 3635 1453 3699 certiorem

298 3736 387 3805 faciat
398 3732 436 3798 de
457 3735 550 3798 nostri
569 3735 599 3796 in
610 3742 640 3796 te
652 3734 742 3797 studii
764 3743 854 3816 atque
869 3734 979 3795 amoris
994 3732 1212 3813 magnitudine,
1226 3733 1339 3814 tibique
1359 3730 1452 3810 signi-
1535 3728 1538 3735 ’

299 3832 381 3907 licet,
397 3847 490 3910 quam
502 3826 656 3907 ingentem
669 3849 755 3911 spem
769 3829 807 3891 de
819 3836 872 3891 tua
885 3828 954 3891 satis
967 3830 1106 3891 omnibus
1119 3834 1277 3912 perspecta
1292 3826 1451 3906 religione,

299 3932 389 4007 atque
409 3924 440 3985 iu
453 3925 527 4000 Nos,
548 3942 585 3984 ac
606 3931 742 3987 sanctam
760 3924 839 3986 banc
861 3925 964 3987 sedem
984 3924 1125 4006 peculiari
1149 3924 1249 3988 studio
1271 3922 1448 3986 habeamus.

190 4034 193 4039 ·
298 4022 412 4084 Dilecto
424 4015 487 4083 filio
500 4026 603 4082 nostro
617 4022 786 4085 Alexandro
806 4024 837 4084 S.
853 4024 889 4085 R.
905 4024 940 4083 E.
964 4023 1095 4086 Diacono
1109 4020 1252 4085 cardinali
1266 4016 1384 4081 Albano
1397 4016 1451 4079 de-

299 4120 474 4181 mandatum
488 4136 565 4194 esse,
582 4123 616 4178 ut
629 4116 791 4198 Maiestatis
805 4128 864 4180 tuae
874 4138 982 4183 ,rerum
995 4119 1141 4181 curationi
1152 4132 1282 4199 praeesse
1295 4120 1447 4197 pergeret,

297 4210 391 4277 Nobis
403 4213 722 4296 est-iucundissimum,
745 4217 830 4279 illum
845 4217 970 4278 enimet
990 4216 1110 4298 plurimi
1123 4215 1261 4292 facimuS,
1279 4221 1310 4278 et
1323 4228 1449 4293 magno·

297 4330 370 4392 pere
390 4312 540 4395 diligimus
560 4319 591 4376 et
605 4312 762 4394 diligenter
785 4315 970 4390 curabimus,
997 4317 1074 4377 utin
1088 4314 1208 4396 egregia
1229 4311 1397 4375 sacerdotio
1411 4328 1448 4370 ac
1557 4351 1560 4355 ψ

297 4410 422 4492 imperio
446 4411 583 4499 nauanda
604 4430 696 4492 opera
715 4413 813 4474 nullas
835 4421 969 4493 paternae
991 4419 1103 4474 uostrae
1124 4410 1318 4492 benignitatis
1345 4412 1448 4489 partes

298 4506 454 4573 desideret.
475 4501 595 4573 Interim
615 4511 764 4590 Maiestati
782 4517 843 4574 tuae
863 4499 959 4575 abeo
974 4511 1123 4574 bonorum
1146 4510 1282 4573 omnium
1304 4502 1446 4585 largitore
