3188 5414
207 552 210 559 ι
310 493 345 541 44
734 485 939 551 Ι(ΙΕΕΜΕΝΤΕ
956 485 1036 538 xlv·

309 612 362 654 ves
373 595 521 672 potestate
535 577 676 670 preclare
694 588 903 651 tantummodo
923 606 986 648 esse
1009 607 1115 654 usuros
1131 594 1266 669 reputate
1276 636 1285 668 ,
1307 610 1377 652 cunr
1394 612 1453 673 po-

309 691 385 750 tiora
399 688 484 749 vobis
498 695 586 750 erunt
597 687 729 749 caritatis
740 692 829 767 atque
842 685 1036 763 humilitatis,
1048 704 1139 766 quem
1151 685 1304 764 dignitatis
1314 687 1451 768 insignia.

308 785 474 846 Maximum
485 786 607 847 statuite
625 790 757 846 vestrum
775 784 834 845 boc
853 801 934 860 esse,
948 789 1037 862 atque
1057 783 1159 845 advos
1181 784 1268 846 unice
1285 787 1451 866 pertinere,

309 881 412 962 populi
429 882 516 944 vebis
529 883 633 945 crediti
650 883 732 944 hunc
755 882 785 943 in
806 881 1124 944 meduminstituendi
1146 882 1318 961 negotiun13
1341 885 1379 945 ab
1402 885 1453 946 illo

308 984 389 1038 recte
407 979 539 1058 gerendo
558 997 662 1041 omnes
672 985 786 1040 vestras
803 979 981 1041 derivandae
999 999 1065 1042 esse
1086 979 1190 1041 laudes
1208 998 1244 1041 ac
1261 979 1413 1059 fortunas,
1436 1003 1454 1044 a

309 1074 486 1154 negligendo
501 1076 704 1137 calamitatem
721 1095 763 1137 ac
784 1076 1016 1156 turpitudinem?
1036 1080 1133 1152 Quare
1154 1078 1199 1139 hae
1224 1083 1328 1139 vestre
1352 1079 1411 1139 sint
1436 1099 1460 1140 a<

310 1174 394 1234 vobis
408 1171 620 1235 tantummodo
634 1172 805 1253 expetenda
824 1172 947 1245 divitia,
960 1180 994 1235 ut
1006 1173 1114 1235 Christi
1125 1173 1268 1253 sanguine
1283 1175 1454 1255 redemptas

310 1269 426 1331 animas
437 1270 554 1332 Christo
562 1269 775 1347 lucrifaciatis,
797 1287 832 1330 ea
844 1270 961 1331 sincera
979 1269 1129 1331 acsolida
1139 1269 1250 1349 gloria,
1265 1276 1299 1331 ut
1309 1270 1454 1332 indivino

308 1365 513 1446 promovendo
528 1366 627 1442 cultu,
648 1365 680 1425 in
700 1368 814 1427 Demus
828 1365 880 1426 Dei
892 1366 1001 1427 decore
1022 1366 1247 1446 amplificando,
1260 1366 1291 1427 in
1307 1367 1386 1428 vitiis
1399 1386 1454 1427 ex-

309 1462 474 1542 tirpandis,
488 1482 523 1525 nc
533 1462 695 1524 virtutibus
714 1463 886 1524 excolendis
906 1463 1025 1525 fidelem
1043 1482 1079 1525 ac
1095 1463 1231 1525 sedulam
1243 1481 1367 1544 operam
1385 1483 1454 1525 ves-

309 1568 387 1625 tram
401 1563 528 1624 Demino
547 1580 665 1643 semper
685 1561 861 1623 exhibeatis.
876 1563 946 1623 llaec
961 1561 1079 1622 assidue
1096 1563 1249 1641 cogitare,
1264 1562 1328 1623 haee
1350 1581 1435 1641 agere
1445 1579 1455 1638 ,¹

308 1659 357 1720 hle
374 1659 543 1737 ambitiosi,
558 1659 607 1719 bic
621 1658 799 1738 cupidi-esse
810 1656 936 1719 debetis.

348 1756 450 1835 Neque
465 1773 536 1816 vero
547 1772 618 1816 cum
628 1754 680 1816 diu
694 1754 883 1832 multumque
898 1753 980 1813 eritis
994 1752 1025 1813 in
1038 1752 1249 1821 haclaborum
1262 1755 1454 1816 contentione

308 1853 435 1930 versati,
451 1852 734 1932 defutureunquam
744 1851 828 1913 vobis
845 1850 1030 1913 arbitremini
1038 1851 1156 1914 virtutis
1164 1853 1337 1916 exercendae
1346 1852 1452 1933 spatia.

309 1953 352 2011 Ea
365 1951 477 2032 quippe
488 1951 675 2013 estmuneris
688 1949 780 2012 vestri
800 1948 950 2024 conditio,
971 1963 1007 2008 ea
1023 1948 1207 2030 Episcopalis
1220 1951 1289 2012 vitae
1310 1951 1404 2027 ratio,
1423 1958 1456 2009 nt

306 2048 590 2129 nunquamrdebeat
610 2066 757 2110 curarum·
768 2047 986 2123 cessationem,
1008 2065 1165 2127 nunquam
1188 2050 1285 2111 otium
1299 2049 1453 2129 consequi.

307 2146 403 2206 Nullis
416 2151 544 2225 possunt
560 2162 665 2205 eorum
678 2144 812 2205 actiones
824 2142 1058 2222 circumscriptae
1070 2161 1134 2204 esse
1156 2146 1309 2221 terminis,
1327 2158 1456 2224 quorum

308 2242 443 2303 caritatis
459 2239 687 2321 amplitudinem
704 2239 785 2300 ⁴nulli
810 2237 919 2298 debent
941 2239 1016 2298 fines
1036 2239 1300 2318 comprehendere.
1322 2243 1380 2301 Sed
1396 2243 1458 2302 inr-

307 2337 445 2399 mertalis
464 2342 553 2416 atque
578 2335 701 2397 infinitae
715 2330 868 2394 mercedis
887 2333 972 2394 vebis
991 2333 1161 2395 constitutas
1180 2337 1348 2415 expectatio
1370 2337 1457 2399 facile

308 2434 462 2495 molestias
476 2450 579 2493 omnes
589 2431 691 2508 leniet,
703 2448 738 2491 ae
748 2429 911 2490 levissimas
922 2429 1041 2490 efficiet.
1056 2429 1134 2503 Quid
1147 2431 1227 2492 enim
1240 2451 1377 2511 graveac
1390 2452 1457 2497 nro·

308 2532 418 2592 lestum
429 2548 492 2592 esse
503 2529 614 2610 poterit
628 2528 845 2608 cogitantibus,
859 2527 1159 2589 beatissimam'illam
1170 2528 1398 2592 retributionem
1416 2532 1457 2592 eb
1488 2548 1490 2553 ·

310 2633 463 2691 servatum
478 2646 513 2689 ae
526 2626 758 2708 multiplicatum
776 2644 897 2706 gregem
911 2625 1071 2687 a‘Domino
1079 2643 1170 2703 „eum
1183 2628 1331 2689 rationem
1350 2637 1457 2709 pasto-

309 2725 381 2788 ralis
408 2726 539 2789 muneris
568 2732 725 2808 exposcet,
750 2724 972 2805 recipiendam?
992 2724 1103 2784 Praeter
1123 2723 1203 2784 hanc
1222 2725 1454 2805 pulcherrimam

309 2823 544 2885 immortalitatis
555 2823 678 2905 spemin
689 2821 761 2903 ipsis
769 2822 861 2884 etiam
871 2819 1052 2882 sristineudis
1060 2820 1218 2900 pastoralis
1227 2821 1295 2883 vitae
1303 2822 1457 2884 laboribus

309 2915 471 3000 plurimam
491 2919 713 2998 jucunditatem
732 2918 999 2996 inesse-sentietis,
1026 2935 1097 2978 eum
1110 2921 1174 2979 Deo
1197 2925 1323 2980 conatus
1341 2926 1456 2981 vestros

308 3016 470 3095 adjuvante
480 3017 629 3099 populum
639 3020 772 3078 vestrum
781 3020 888 3076 mutua
901 3014 979 3076 inter
990 3032 1022 3076 se
1037 3013 1170 3076 caritatis
1180 3016 1392 3093 conjunctione
1407 3016 1457 3078 de

308 3115 461 3192 vinctum,
477 3116 665 3196 integritate,
687 3134 722 3178 ac
735 3115 848 3195 pietate
866 3112 1039 3191 florentem,
1064 3117 1179 3174 ceteros
1201 3114 1329 3192 denique
1352 3131 1457 3176 omnes

310 3211 445 3291 egregios
460 3211 629 3300 vigiliarum
642 3211 825 3272 aelaborum
842 3216 1010 3274 vestrorum
1024 3210 1139 3274 tinctus
1148 3209 1179 3271 in
1192 3210 1325 3271 Ecclesia
1336 3218 1457 3274 exortos

313 3308 516 3389 conspicietis.
537 3308 659 3370 Utinam
675 3312 813 3369 nostrum
827 3309 963 3370 omnium
978 3305 1117 3370 'unanimi
1132 3306 1306 3385 hujusmodi
1319 3309 1458 3370 volunta-

310 3408 443 3485 tum,·ac
455 3405 625 3468 studiorum
637 3406 830 3468 consensione
843 3405 1058 3468 reductam-his
1068 3405 1162 3469 nostri
1177 3405 1363 3485 apostolatus
1377 3412 1458 3467 tem-

310 3505 434 3585 poribus
444 3505 620 3586 praeelarem
629 3503 708 3566 hane
719 3503 871 3583 religionis
882 3504 1072 3582 felicitatem,
1084 3522 1119 3565 ae
1134 3503 1263 3582 antiquae
1273 3503 1352 3564 illius
1362 3506 1458 3568 aetatis

311 3602 573 3664 similemlormam
582 3601 749 3681 videamus,
760 3622 795 3664 ac
804 3601 946 3682 gratulari
955 3601 1457 3680 vobiscum,VenerabilesFratres,
1575 3658 1583 3677 ,

312 3709 343 3763 et
356 3700 545 3780 congaudere
565 3700 716 3780 possimus
733 3699 763 3760 in
781 3700 898 3760 Christo
917 3697 1046 3760 Domino
1066 3701 1185 3776 noStro,
1206 3698 1257 3778 qui
1278 3717 1338 3760 suae
1356 3701 1458 3778 gratia

310 3797 449 3879 presidio
467 3799 529 3859 Nos
543 3804 705 3876 sustentet,
721 3804 751 3859 et
769 3815 822 3859 cor
835 3800 973 3858 nostrum
990 3794 1021 3855 in
1037 3793 1103 3872 illa,
1127 3794 1233 3876 queri
1247 3802 1316 3857 sunt
1329 3796 1459 3875 placita,

312 3895 593 3976 semperaeeendat.
1333 3921 1335 3924 >
1362 3909 1364 3913 ’
1451 3922 1454 3928 ’

352 3995 419 4067 Quo
432 3997 568 4072 tempore
586 3992 803 4053 haseelitteras
816 3988 854 4052 ed
867 4006 931 4065 vos,
948 3988 1140 4050 Venerabiles
1153 3990 1287 4067 Fratres,
1303 3989 1461 4069 perscribi-

314 4106 397 4168 mus,
414 4090 521 4151 eodem
535 4107 590 4169 per
602 4089 675 4150 alias
688 4095 808 4151 nostras
819 4085 971 4149 universis
989 4086 1233 4149 christifidelibus
1247 4087 1402 4166 jubileum
1422 4087 1460 4149 de

312 4201 398 4247 more
418 4185 457 4247 ad
478 4185 700 4266 implorandam
723 4185 808 4247 initio
822 4183 916 4246 nestri
937 4185 1129 4266 pontificatus
1147 4184 1280 4246 divinam
1294 4203 1384 4265 opem
1403 4203 1460 4266 pre

314 4281 439 4343 salutari
453 4289 563 4345 saneta
580 4284 717 4345 Ecclesia
736 4283 890 4347 catholiea
902 4282 1047 4362 regimine
1066 4281 1308 4344 transmittimus.
1322 4284 1354 4344 A
1367 4282 1460 4344 ¹vobis
1562 4302 1567 4311 ·

313 4376 404 4457 igitur
414 4380 561 4459 maiorem
571 4380 602 4441 in
613 4381 756 4459 modum,
773 4382 907 4463 petimus
916 4399 952 4442 ae
963 4380 1150 4459 flagitamus,
1166 4387 1199 4442 ut
1210 4380 1386 4442 commissos
1398 4397 1462 4440 ves-

313 4483 366 4536 trae
377 4476 446 4538 fidei
462 4481 588 4559 populos
602 4479 639 4541 ad
653 4499 704 4542 eas
717 4480 772 4541 rite
789 4478 940 4542 faciendas
955 4477 984 4538 in
1004 4476 1080 4555 fide,
1096 4477 1223 4558 pietate,
1240 4498 1274 4539 ae
1291 4478 1460 4539 humilitate
