3188 5414
390 557 572 610 EPISTOLAE
590 539 635 609 ET
654 553 788 608 BREVIA
804 552 1039 610 &ELECTIORA¹
1273 560 1290 609 9

476 864 479 877 ·
598 870 731 913 nruucro
754 858 860 913 rrnro³
984 852 987 857 ’

264 1078 268 1086 ¹
432 950 968 1083 asnernno,‘rnrsn'urnnof
1103 1053 1112 1083 Α,
1276 983 1279 988 ’

389 1117 494 1180 ATQIJE
518 1116 553 1165 IN
574 1113 882 1179 SAGRA¹THEOLOGIA
905 1111 1046 1163 DOOEORI

286 1226 289 1281 ἶ
457 1226 693 1306 CLEMENS
719 1227 846 1303 PAPA
874 1225 968 1302 XIV
1048 1243 1052 1250 ‘¹

275 1444 279 1450 ⁴
393 1436 394 1439 ,
531 1445 532 1451 ¹
599 1447 601 1453 Ι
772 1445 775 1452 ¹
897 1448 898 1453 ἵ
947 1380 1131 1443 Romae‚51ulii
1147 1367 1215 1432 1769.
1290 1362 1293 1367 ⁸

181 1490 298 1549 Dilecto
309 1491 364 1567 stu·
382 1469 523 1562 salutem,
534 1498 589 1553 etc.
607 1494 673 1553 Tua
685 1467 854 1572 gratulandi
866 1489 967 1552 officia
978 1489 1018 1572 ob
1031 1488 1217 1574 pontificiam
1228 1490 1293 1551 No-

144 1586 191 1648 bis
211 1586 342 1648 delatam
356 1587 532 1668 diguitatem
551 1607 587 1650 eo
598 1587 781 1667 jucundiora
791 1587 932 1664 fuerunt,
949 1585 1031 1666 quod
1045 1591 1133 1646 tuum
1146 1604 1218 1666 erga
1231 1587 1292 1647 Nos

143 1704 179 1747 ao
208 1692 344 1746 sanctam
364 1685 443 1747 hano
466 1687 662 1766 apostolicam
685 1685 788 1747 sedem
807 1683 987 1765 obsequium
1012 1701 1047 1744 ac
1071 1682 1292 1745 observantiam

141 1783 240 1845 missis
254 1783 346 1844 etiam
361 1782 399 1844 ad
412 1801 467 1845 nos
479 1783 562 1845 libris
578 1802 635 1864 pro
654 1773 767 1844 tuenda
779 1781 922 1862 religione
936 1800 954 1842 a
968 1787 998 1842 te
1012 1780 1191 1861 conscriptis
1205 1799 1293 1842 com-

142 1882 289 1960 probasti.
308 1884 369 1943 Has
381 1888 444 1945 tam
456 1883 623 1945 luculentas
634 1888 701 1944 tum
712 1881 782 1942 fidei
794 1899 830 1942 ac
842 1879 963 1962 pietatis
973 1885 1032 1942 tuae
1047 1869 1292 1960 significationes,

141 1983 208 2039 tum
224 1979 368 2042 doctrinae
379 1980 490 2043 indicis
502 1982 768 2062 perlibentersana
782 1979 955 2060 excepimus
964 2023 974 2056 ,
991 1997 1027 2040 ao
1044 1976 1226 2058 magnopere
1237 1978 1293 2039 loa-

142 2080 242 2136 tamur
258 2075 315 2136 hos
328 2082 384 2138 ate
396 2083 427 2137 et
442 2076 481 2138 ad
492 2077 655 2159 impiorum
667 2076 855 2160 repellendos
866 2077 997 2158 impetus
1008 2081 1072 2136 tam
1086 2081 1291 2155 opportunos,

140 2178 172 2233 et
185 2172 224 2234 ad
235 2173 369 2235 fidelium
381 2175 619 2238 incolumitatem
635 2183 699 2238 tam
709 2176 796 2238 utiles
805 2181 962 2255 susceptos
974 2192 1038 2236 esse
1047 2173 1178 2251 labores,
1189 2179 1291 2255 teque,

139 2269 247 2332 dilecte
267 2271 309 2332 fili
334 2273 525 2335 vehementer
551 2275 721 2354 hortamur,
750 2280 784 2337 ut
804 2293 897 2356 quam
917 2273 987 2335 inde
1011 2278 1233 2353 consequutum
1261 2279 1292 2333 te

139 2374 284 2447 putamus
295 2371 433 2448 laudem,
448 2390 509 2434 non
525 2379 560 2433 ut
574 2372 674 2454 operis
688 2391 724 2434 ao
744 2370 914 2452 vigiliarum
928 2368 1115 2448 mercedem,
1130 2369 1184 2431 sed
1197 2376 1230 2431 ut
1243 2369 1293 2432 in-

140 2466 339 2530 citamentum
353 2469 455 2549 potius
474 2469 513 2532 ad
523 2488 617 2532 novos
628 2469 801 2548 hujusmodi
813 2468 986 2530 subeundos
994 2468 1115 2530 labores
1125 2468 1292 2547 existimes,

139 2565 236 2644 deque
246 2565 354 2644 Nobis,
371 2585 406 2629 ao
420 2567 569 2645 catholica
579 2568 714 2630 Ecclesia
726 2566 912 2632 benemereri
923 2585 1046 2650 pergas,
1059 2573 1090 2628 et
1101 2585 1195 2648 quam
1205 2585 1292 2628 rece-

139 2661 209 2740 pisti
229 2680 247 2723 a
267 2663 395 2724 Domino
411 2662 521 2744 ingenii
537 2664 728 2744 facultatem,
740 2685 810 2729 eam
826 2667 865 2727 ad
879 2667 957 2746 illius
968 2665 1090 2746 laudem
1103 2664 1292 2747 othonorum

141 2755 356 2821 vimlicandum
370 2760 514 2836 adhibere
531 2779 689 2843 nunquam
702 2761 895 2825 intermittas.
910 2765 972 2824 Nos
990 2761 1104 2823 idcirco
1120 2760 1292 2845 gratissimo

140 2874 212 2936 erga
223 2856 260 2918 da
270 2875 390 2938 semper
402 2857 504 2919 animo
515 2858 633 2920 tuturos
643 2859 831 2939 profitemur,
843 2877 901 2920 nec
909 2859 940 2919 in
948 2858 1042 2920 Nobis
1054 2858 1174 2919 miuora
1180 2875 1293 2942 exper-

139 2959 243 3014 turum
257 2958 287 3013 te
302 2951 418 3030 studia,
433 2970 526 3032 quam
542 2971 587 3014 sa.
601 2954 694 3015 Mem.
708 2953 869 3014 Clementis
880 2955 964 3023 XIII.
977 2953 1208 3015 Praedecessoris
1225 2971 1293 3015 nos

140 3049 180 3110 tri
196 3049 334 3111 luissent.
350 3051 385 3111 ln
400 3050 487 3130 cujus
503 3068 574 3130 erga
587 3056 618 3112 te
628 3049 790 3131 pontilioiae
803 3049 937 3130 caritatis
948 3055 1159 3133 argumentum
1172 3055 1294 3132 aposto-

140 3147 233 3211 licam
241 3147 483 3211 benedictionem
492 3147 547 3209 tibi
554 3193 564 3226 ,
573 3149 683 3228 dilecte
692 3146 746 3226 fili,
759 3152 949 3228 peramenter
958 3146 1160 3232 impertimur.
1174 3148 1293 3230 Datum

140 3248 252 3324 Rome,
266 3248 317 3308 die
332 3257 348 3308 5
361 3247 438 3324 julii
458 3256 546 3324 1769,
560 3248 754 3326 pontificatus
769 3247 866 3307 nostri
883 3262 964 3326 uano
979 3248 1089 3323 primo.
1159 3326 1160 3330 Ἰ
1183 3320 1187 3329 ¹

571 3513 573 3519 .
693 3461 736 3530 Χ,
832 3515 835 3519 .
909 3510 912 3518 ,

128 3664 144 3696 ,Ι
482 3586 723 3686 υιιεοτοπιιὶο
746 3629 856 3672 uorum
878 3611 971 3672 vr'non
1085 3613 1088 3617 '
1152 3611 1178 3621 ”

130 3713 132 3717 ’
228 3780 247 3807 ,
327 3700 1176 3828 ‘Auousrouun,cu1ou1annu1m1,'“‚
1288 3810 1290 3818 ,

449 3861 684 3977 mannus
712 3867 841 3945 rara
858 3868 976 3946 mv,

328 4094 330 4099 Ι
507 3996 509 4003 J
679 3980 712 4007 Αἰ
807 3993 811 4004 ⁸
892 3977 1210 4102 'Knommojuu'iraa

183 4136 300 4197 Dilecto
312 4138 366 4214 fili
384 4137 496 4203 noum
513 4141 560 4198 sir
576 4141 722 4213 sulutem,
738 4147 795 4202 eto.
823 4096 917 4214 Quodn
929 4140 961 4202 iu
977 4144 1063 4201 tanta
1082 4138 1219 4207 omnium
1236 4158 1292 4203 ec-

142 4230 300 4304 clesiarum
312 4232 513 4296 sollicitudine
525 4233 709 4298 inscrutabili
721 4237 773 4300 Dei
787 4236 901 4315 judicio
914 4237 1008 4304 Nobis
1020 4235 1161 4317 imposita
1174 4241 1293 4318 tantam¹

141 4329 310 4407 gratulandi
324 4331 444 4412 copiam
453 4331 586 4394 inveniro
599 4333 745 4413 potueris,
760 4339 846 4395 tuum
857 4332 930 4407 facit
939 4352 1011 4414 erga
1023 4335 1085 4396 Nos
1100 4340 1292 4415 atqucLapos

142 4426 265 4490 tolIcam
274 4425 376 4490 sedem
386 4428 536 4506 studium,
549 4429 636 4507 cujus
647 4448 666 4491 a
677 4429 844 4507 majoribus
855 4430 916 4498 tuis
926 4436 1089 4509 tamquam
1097 4430 1295 4500 ,haereditario

142 4521 207 4601 juro
223 4523 280 4587 tihi
288 4526 453 4593 transmissi
467 4527 645 4608 praclarum
654 4528 778 4593 exhibes
795 4529 1011 4611 specimenper
1023 4529 1136 4592 litteras
1151 4529 1242 4593 olficii
1254 4550 1291 4598 att
