3188 5414
180 453 182 456 ’
240 491 292 538 ara
664 488 876 557 cmnran‘ns
891 489 956 541 xru

238 590 319 651 sama
338 590 532 677 incitamento
552 592 669 652 caeteris
683 599 761 653 esset
776 591 814 653 ad
834 592 894 653 hue
914 591 1149 668 convolandum,
1165 598 1318 672 quantum
1333 598 1388 653 tna

167 699 169 704 ’
237 687 485 767 pietatisspecies
503 688 643 751 omnibus
668 687 806 750 ardorem
828 688 962 767 injiceret
984 687 1022 750 ad
1037 687 1388 750 eoelestiumdlvitiarum

237 803 363 847 munera
376 791 428 846 tuo
440 787 578 866 exemplo
589 786 802 848 consectanda.
814 785 872 847 Sed
886 785 959 846 dum
974 785 1032 847 hac
1044 785 1083 847 de
1097 792 1126 848 te
1140 803 1192 866 spe
1206 784 1387 866 gaudemus,

237 889 325 962 teque
338 882 430 944 Nobis
443 889 620 963 praesentem
634 883 799 944 Nobiscum
810 883 1031 962 colloquentem
1049 882 1162 942 mutuis
1181 882 1305 960 amoris,
1317 883 1388 963 pie-

237 979 365 1058 talisque
373 977 489 1039 indiciis
499 984 665 1039 certantem
672 977 897 1058 quodammodo
907 978 1296 1056 intuemur,jucunditatem
1305 979 1386 1040 hanc

40 1121 41 1125 ,
119 1151 121 1154 Ι
236 1081 370 1136 nostram
389 1074 438 1135 illa
453 1093 529 1155 saepe
544 1073 682 1156 reprimit
695 1075 848 1157 cogitatio,
864 1093 902 1137 ne
915 1074 992 1136 forte
1006 1074 1183 1154 gravissima
1202 1075 1318 1156 imperii
1332 1095 1387 1136 ne-

236 1174 318 1252 gotia
337 1175 526 1252 Maiestatem
546 1175 645 1236 Tuam
667 1172 831 1250 retineant,
853 1171 1024 1252 nostrisque
1038 1172 1149 1254 optatis
1173 1192 1210 1234 ac
1232 1172 1386 1234 desideriis

209 1332 211 1337 Α
235 1266 327 1333 etiam
342 1272 401 1334 tuis
419 1271 544 1350 obsequi
567 1288 627 1331 non
650 1270 761 1331 sinant.
782 1269 813 1330 Si
833 1267 1027 1348 secus'igitur
1040 1287 1132 1349 quam
1153 1269 1214 1329 Nos
1228 1269 1384 1349 cnpimm,

189 1397 192 1403 ·
236 1368 393 1445 acciderit,
416 1367 506 1447 idque
522 1375 645 1428 tuarum
659 1385 764 1429 rerum
784 1365 916 1428 conditio
934 1366 1109 1446 postulavit,
1127 1365 1235 1428 divinae
1249 1368 1311 1428 Nos
1330 1385 1386 1427 vo-

234 1465 358 1544 luntati,
378 1472 491 1545 tuoque
510 1464 635 1526 consilio
651 1464 879 1540 confirmamus,
899 1482 1077 1544 persuasum
1096 1471 1199 1524 tumen
1219 1464 1384 1525 certissime

233 1565 380 1626 habemus
395 1563 481 1625 facile
494 1565 559 1624 Nos·
577 1582 595 1623 a
611 1569 640 1624 te
653 1563 876 1643 impetraturos,
888 1561 970 1642 quod
984 1563 1174 1623 vehementer
1189 1562 1335 1642 petimus,
1350 1583 1384 1624 ac

233 1679 387 1742 rogamus,
396 1659 519 1741 utquod
535 1659 675 1740 adventu,
688 1668 800 1741 tuaque
809 1659 966 1741 praesentia
976 1678 1035 1721 non
1048 1658 1170 1739 poteris,
1187 1659 1263 1720 illud
1274 1660 1380 1733 studio,

233 1760 356 1839 pictam,
370 1757 521 1838 religione,
529 1764 584 1821 tua
596 1757 712 1839 avegio
725 1764 885 1839 pensatum
902 1775 967 1819 esse
985 1755 1162 1836 gaudemus.
1182 1758 1380 1838 Quapropter,

232 1855 384 1916 carissime
408 1855 438 1916 in
459 1843 786 1933 Christo'dli'noster,
804 1853 1040 1922 'sollicitudinem
1064 1853 1157 1926 banc,
1187 1859 1381 1938 nostramque

232 1971 356 2034 operam
372 1951 552 2015 auctoritate
565 1958 618 2015 tna
637 1951 767 2030 adjuva,
780 1968 818 2014 ac
835 1957 989 2028 sustenta,
1009 1957 1119 2033 presto
1140 1951 1197 2012 sibi
1219 1969 1285 2015 esse
1299 1959 1381 2016 tuam

231 2069 320 2130 opem
338 2049 468 2111 sentiant
488 2047 681 2111 Venerabiles
696 2049 814 2110 Fratres
833 2047 1028 2109 ecclesiarum
1049 2047 1213 2126 antistites,
1226 2047 1304 2113 dum
1324 2070 1381 2132 po

230 2150 318 2228 pulos
339 2147 378 2209 ad
397 2165 515 2210 sacram
540 2146 814 2226 peregrinationem
839 2144 1054 2226 capessendam
1074 2143 1329 2226 inflammabunt,
1347 2167 1381 2210 ca

230 2246 333 2306 omnia
342 2264 398 2326 pro
411 2252 464 2307 tua
475 2243 722 2324 magnanimitate
739 2262 775 2304 ac
788 2241 994 2328 munificentia
1006 2241 1156 2324 expedita,
1170 2243 1333 2323 instructa,
1347 2263 1379 2307 ac

229 2349 336 2422 parata
350 2360 416 2403 esse
432 2342 506 2420 jube
524 2359 589 2421 quae
608 2340 863 2421 peregrinantium
881 2340 1077 2402 commodum
1093 2360 1128 2402 ac
1146 2341 1295 2404 securitas
1307 2361 1378 2424 pos·

228 2439 380 2501 tulabuut.
402 2440 492 2499 Hunc
514 2437 545 2499 in
562 2437 689 2499 modum
709 2455 854 2517 cumpro
873 2435 974 2499 divino
987 2437 1124 2518 augendo
1145 2437 1229 2499 cultu
1248 2439 1378 2520 populo

227 2553 355 2615 rumque
372 2533 519 2616 spirituali
532 2533 660 2596 utilitate
677 2533 878 2611 laboraveris,
894 2534 1024 2597 maxime
1043 2534 1097 2595 tibi
1115 2535 1252 2615 polliceri
1268 2537 1377 2616 poteris

224 2635 311 2712 juxta
323 2638 442 2694 nostras
460 2632 655 2712 omniumque
673 2649 729 2711 pro
750 2637 796 2709 te,
817 2638 929 2711 tuoque
953 2631 1081 2713 imperio
1101 2631 1140 2694 ad
1157 2634 1255 2694 Deum
1269 2631 1377 2715 depre-

226 2729 375 2806 cationes,
397 2729 429 2790 in
450 2729 638 2808 Majestatem
658 2731 754 2790 'luam
774 2747 925 2791 summam
946 2728 1073 2808 gloriam
1092 2748 1127 2791 ac
1150 2728 1328 2793 felicitatem
1350 2741 1377 2792 et

225 2827 391 2890 caelestium
404 2826 620 2889 charismatum
634 2826 711 2888 dona
727 2827 877 2889 uberrime
890 2845 955 2889 esse
968 2827 1182 2892 redundatura.
1196 2827 1258 2891 Sed
1269 2829 1308 2891 de
1331 2830 1376 2892 bis

224 2926 315 2988 rebua
327 2925 473 3007 prolixius
485 2931 586 2988 tecum
605 2931 709 2987 nostro
720 2925 841 2987 nomine
855 2932 978 2987 aeturus
992 2933 1037 2989 est
1048 2925 1175 2989 dilectus
1185 2925 1266 2989 lilius
1277 2935 1377 2990 noster

224 3025 372 3088 Antonius
386 3023 537 3104 Eugenius
557 3025 588 3087 S.
602 3026 638 3085 n.
654 3026 690 3085 E.
708 3024 867 3104 Presbyter
884 3023 1049 3087 Cardinalis
1070 3023 1263 3103 Vicecomes,
1284 3044 1377 3106 quem

225 3143 242 3183 a
256 3129 354 3203 tepro
365 3127 418 3183 tua
432 3121 622 3184 humanitate
641 3121 837 3185 libentissime
857 3121 996 3183 auditum
1008 3120 1044 3182 iri
1053 3122 1115 3183 non
1126 3120 1313 3183 dubitamus.
1329 3124 1376 3183 ln-

224 3218 313 3279 terim
332 3219 363 3279 in
375 3218 490 3280 eximiae
510 3225 619 3280 nostre
632 3218 767 3280 caritatis
783 3219 893 3298 pignus
913 3217 1109 3300 apostolicam
1131 3217 1372 3281 benedictionem

222 3315 370 3394 lllnjestnti
382 3318 453 3376 Tua
464 3313 669 3378 amantissime
678 3315 878 3395 impertimur.
893 3317 1123 3391 brantomo,
1137 3317 1369 3398 apadSonctam

223 3416 352 3474 Mariam
365 3413 521 3490 majorem,
536 3412 724 3475 sob'Annato
737 3415 915 3485 Peccatores,
929 3417 979 3475 dte
999 3425 1035 3476 29
1044 3418 1132 3493 junii
1147 3428 1237 3494 1774,
1246 3420 1372 3507 pontifi-

220 3518 305 3574 catus
321 3516 509 3573 caleaneo
523 3518 622 3572 sexto.

708 3635 881 3644 --—-—--—-

638 3744 641 3750 ’
692 3741 890 3843 demvm.

568 3878 713 3937 incusam
734 3892 772 3933 nc
795 3891 1018 3934 rornnrrssrno

585 4001 681 4061 unm
696 4000 748 4061 ou
765 3959 999 4060 rurtrnncou

489 4123 750 4201 CLEMENS
795 4124 936 4201 PAPA
978 4123 1090 4199 XlV.

992 4269 1088 4334 nome,
1104 4278 1118 4321 r
1133 4272 1187 4332 runt
1205 4276 1276 4323 nn,

256 4342 404 4455 lttustrr'r,
422 4390 479 4444 etc.
493 4383 568 4443 Cum
579 4380 617 4443 de
627 4381 701 4460 regii
717 4382 760 4443 tui
777 4381 869 4444 animi
880 4379 1091 4471 magnitudine
1110 4378 1280 4459 ceterisque
1291 4395 1372 4458 pra-

214 4478 305 4542 claris
316 4480 375 4541 tuis
388 4479 528 4543 laudibus
539 4478 635 4541 multa
650 4497 728 4560 saepe
744 4479 772 4540 in
791 4478 851 4541 suis
866 4475 972 4538 litteris
985 4474 1174 4556 perscribant
1184 4473 1289 4536 nostri
1301 4471 1371 4533 mis·
