3188 5414
398 515 581 569 llPlS'l'OLdl
598 515 644 568 Fls
664 516 797 569 BllEVlA
818 517 1053 570 satltct‘tonn.
1263 520 1298 573 aa

148 614 389 697 initjircundmn,
402 637 496 698 quam
509 638 575 680 esse
587 619 691 681 debuit
705 611 802 701 etpro
814 608 980 684 doctissimi
991 621 1057 694 viri,
1072 639 1107 680 ac
1116 621 1153 681 de
1165 624 1297 686 Ecclesia
1322 695 1328 703 ¹

148 718 287 798 preclare
299 717 398 777 meriti
415 734 535 778 summa
552 718 740 794 celebritate,
754 725 784 779 et
797 738 853 799 pro
865 715 1005 797 singulari
1021 717 1114 797 ipsius
1127 720 1226 798 operis
1237 723 1299 782 nti-'

148 816 241 876 litate.
265 811 373 874 Eximii
397 814 530 874 muneris
545 815 747 895 plastentiam
770 821 859 894 auget
883 815 1063 875 Litterarum
1083 814 1180 874 sancti
1203 816 1298 876 Caroli

148 909 305 983 Romomei
319 926 475 990 nunquam
490 916 579 971 antea
594 911 755 988 editarum,
769 919 800 971 et
814 909 926 972 laboris
941 910 1150 989 industriaque
1167 915 1226 970 ture
1247 926 1300 968 ac-

148 1009 244 1070 cessio
260 1007 398 1068 intribus
409 1007 520 1068 Valerii
530 1007 614 1069 libris
625 1009 656 1069 in
671 1009 807 1069 italicum
824 1026 994 1070 sermonem
1003 1007 1220 1087 elegantissime
1229 1024 1300 1068 con-

149 1105 311 1166 vertendis.
326 1106 392 1178 Quo
405 1109 496 1185 pacto
511 1122 582 1166 cum
595 1105 661 1166 illos
675 1105 712 1167 ad
725 1088 926 1186 plurimorum
937 1104 1138 1184 cognitionem
1152 1119 1300 1181 usumque

147 1202 327 1279 deduxeris,
343 1202 493 1282 cumipse
514 1202 759 1282 praestantissimo
774 1207 896 1263 auctore
908 1199 1043 1281 preclari
1060 1198 1161 1279 operis
1181 1196 1300 1260 laudem

147 1300 297 1380 dividere,
320 1302 593 1364 recommunicare
613 1301 723 1362 merito
744 1298 837 1360 videri
852 1304 951 1379 potes.
966 1299 1129 1377 Propterea
1146 1303 1177 1356 et
1195 1296 1303 1374 singn-'

148 1403 226 1463 lares
239 1402 293 1462 tibi
307 1402 430 1481 gratias,
443 1406 474 1462 et
484 1399 589 1479 judicii
602 1398 696 1461 nostri
709 1414 803 1478 quam
817 1395 1036 1476 amplissimum
1048 1411 1229 1475 possumus,
1242 1400 1301 1452 tes-

148 1499 308 1561 timonium
326 1500 409 1561 hisee
424 1499 530 1560 litteris
548 1497 711 1559 reddimus.
728 1497 827 1577 Atque
849 1495 907 1555 hoc
923 1493 1046 1574 quidem
1065 1492 1230 1573 plurimum
1244 1507 1302 1552 cu-

148 1597 256 1658 mulari
269 1596 432 1658 existimes.
443 1598 487 1657 Ex
500 1601 657 1676 perspecto
667 1594 760 1656 Nobis
772 1593 824 1655 illo
833 1598 886 1654 tuo
894 1589 1085 1654 Bibliotheca
1091 1585 1302 1669 comparanda

149 1693 390 1774 instruendaque
412 1693 556 1765 consilio,
581 1693 664 1773 quod
685 1711 702 1753 a
721 1692 821 1754 studio
843 1695 933 1772 atque
960 1690 1067 1751 ardore
1089 1685 1300 1770 promovende

149 1770 387 1870 communisse
406 1792 445 1853 ad
465 1798 601 1872 posteros
624 1792 717 1853 etiarn
734 1790 933 1872 propagandae
953 1790 1088 1850 utilitatis
1111 1808 1147 1850 ac
1174 1787 1301 1866 augendi

150 1878 237 1949 istius
255 1887 453 1968 Episcopatus
464 1887 632 1968 splendoris
655 1887 825 1968 proiectum
840 1887 1040 1966 agnoscimus,
1055 1894 1172 1965 tuaque
1185 1884 1302 1946 doctri-

149 2002 212 2060 ne,
227 2003 264 2045 ac
278 1985 446 2065 Episcopeli
467 1985 584 2049 muneri
596 1990 829 2045 consentaneum
842 1983 998 2061 ducimus,
1017 2002 1053 2044 ac
1074 1983 1201 2045 mirifice
1219 2000 1302 2044 conr-

151 2080 340 2143 mendamus.
367 2083 411 2142 Ex
433 2098 494 2161 quo
507 2080 595 2141 facile
616 2080 708 2141 etiarn
727 2080 873 2159 intelliges
884 2127 892 2158 ‚
904 2079 1090 2141 Venerabilis
1104 2083 1217 2157 Frater,
1236 2101 1302 2162 quae

152 2187 255 2241 nostra
269 2180 325 2258 sit,
344 2187 374 2241 et
391 2198 485 2261 quam
503 2178 619 2260 prolixa
632 2177 670 2238 de
684 2184 715 2238 te
728 2177 928 2257 existimatio,
942 2178 991 2239 cui
1003 2196 1107 2257 parem
1119 2178 1301 2258 respondere

151 2277 409 2355 benevolentiam,
425 2284 460 2340 ut
476 2294 653 2357 persuasum
674 2275 729 2337 tibi
743 2275 874 2337 maxime
896 2295 961 2339 esse
978 2277 1090 2358 possit,
1106 2278 1192 2340 valde
1214 2281 1304 2360 cupi-

151 2393 219 2435 mus
238 2374 422 2456 suppeditari
441 2373 533 2435 Nobis
549 2371 805 2453 opportunitates,
824 2372 934 2452 quibus
959 2373 1108 2452 egregiam
1123 2374 1202 2435 banc
1215 2373 1256 2434 de
1273 2379 1303 2432 te

152 2473 339 2549 voluntatem
357 2491 461 2533 revera
475 2470 529 2534 tibi
547 2470 790 2552 comprobemus.
806 2471 851 2531 Ac
862 2470 893 2531 in
914 2467 1076 2532 eontracta
1090 2470 1223 2532 caritatis
1240 2469 1303 2550 pig-

152 2587 210 2658 nus
230 2569 427 2652 apostolicam
444 2568 684 2633 benedictionem
699 2569 769 2646 tibi,
784 2570 969 2632 Venerabilis
982 2572 1097 2649 Frater,
1112 2576 1303 2652 peramanter

153 2669 353 2750 impertimur·
370 2671 484 2730 Dctmn
498 2670 611 2737 Rornae,
623 2675 690 2742 etc,
704 2668 753 2726 die
769 2676 806 2726 20
812 2669 889 2742 julii
902 2680 987 2743 1770,
1001 2671 1193 2746 pontificatus
1207 2671 1304 2727 austri

150 2780 230 2822 anno
244 2764 385 2822 secando.
865 2769 868 2774 ’

637 2873 820 2882 ——-———--

684 2981 770 3049 XCI.

611 3138 740 3181 nrmrcro
763 3139 849 3181 rimo

412 3244 594 3304 ANGELO
632 3245 788 3305 MARIAE
828 3246 1046 3306 BANDINIO

465 3369 699 3448 CLEMENS
725 3365 854 3448 PAPA
883 3371 988 3447 ΧΠ.

953 3524 1047 3578 Romae,
1061 3527 1089 3570 28
1101 3520 1240 3590 Juliiliio,
1267 3568 1269 3573 ,

169 3693 172 3697 .
195 3624 325 3695 Dilecta,
343 3633 397 3684 etc.
411 3627 477 3685 Una
488 3643 559 3687 cum
570 3626 677 3687 litteris
686 3625 746 3686 tuis
761 3625 820 3686 tria
832 3626 1003 3687 Graecorum
1017 3623 1161 3687 Codicum
1174 3625 1314 3704 catalogi:
1421 3687 1424 3693 .

156 3741 173 3781 n
188 3729 217 3782 te
230 3721 302 3782 editi
322 3722 474 3785 volumina
485 3723 666 3804 perlibenter
681 3723 863 3804 accepimus,
878 3724 985 3785 dilecte
1000 3724 1054 3801 iili,
1073 3732 1218 3806 tanquam
1233 3744 1307 3805 pae-

155 3820 271 3881 clarum
290 3826 348 3881 tuae
361 3837 423 3881 non
436 3821 536 3882 nunus
547 3839 619 3900 erga
630 3823 703 3899 Nos,
719 3840 754 3885 ac
773 3821 969 3903 apostolicam
983 3822 1061 3885 hanc
1080 3822 1188 3884 Sedern
1201 3822 1307 3883 obser-

157 3915 337 3978 vanissima
350 3916 614 3997 voluptatisquam
627 3917 771 3980 doetrinae
783 3917 1010 3997 studiorumque
1020 3917 1237 3979 testimonium.
1249 3917 1308 3979 lle⁸

155 4030 215 4090 que
228 4013 308 4075 enim
320 4013 567 4091 luculentioribus
580 4014 696 4077 indiciis
706 4023 794 4076 tuum
805 4015 843 4076 de
856 4022 961 4077 nostro
972 4015 1151 4077 Pontificem
1162 4013 1306 4093 gaudirrm

156 4109 323 4188 significare
337 4113 430 4193 Nobis
448 4111 571 4192 potuisti
583 4131 704 4192 ,quam
727 4112 880 4191 eiusmodi
894 4113 1000 4191 rebus,
1020 4128 1088 4193 qua
1102 4112 1140 4173 ad
1158 4111 1307 4176 bonarum

156 4203 267 4268 artium
280 4208 418 4286 cultum,
435 4227 471 4269 ac
492 4208 712 4283 incrementum
726 4228 902 4276 conversam
924 4229 988 4273 esse
1001 4209 1110 4290 ingenii
1126 4208 1170 4273 tui
1184 4226 1307 4292 operam

157 4295 247 4385 atque
266 4305 443 4369 industriam
455 4307 621 4371 declarant,
640 4312 715 4371 Eam
731 4329 749 4371 a
763 4316 792 4371 te
806 4309 996 4390 potissimum
1009 4310 1173 4389 probatmn
1194 4307 1307 4390 iripol-

156 4400 253 4464 liceris
269 4403 299 4463 in
314 4403 527 4485 Ecclesiasticis
539 4406 737 4488 scriptoribus
748 4414 811 4468 tam
829 4408 936 4472 Gracia
952 4427 1046 4489 quam
1060 4408 1246 4490 Latinis-qm
1260 4411 1306 4470 vel

156 4499 255 4578 adbuc
269 4502 440 4564 intenebris
454 4505 566 4584 lucent,
580 4507 625 4567 vel
642 4504 738 4565 mutili
751 4523 787 4565 ac
810 4505 944 4567 mendosi
958 4525 1012 4585 per
1028 4523 1136 4567 manus
1146 4505 1305 4568 bominum

1170 4619 1196 4666 r.
