3188 5414
147 466 150 480 ¹
225 502 277 573 aaa
653 499 855 569 coenantis
873 512 939 565 xiv

501 659 580 738 §lV.
595 659 649 718 Jas
665 657 911 718 aeclesiasticam
921 659 1086 733 privatum.

266 799 291 845 t.
310 786 364 844 lus
382 780 616 842 ecclesiasticum
626 778 795 840 continetur
804 776 992 858 potissimum
1000 776 1030 837 in
1038 774 1308 838 decretoGratiani
1322 779 1370 859 (a),

121 886 123 891 ’
223 890 254 944 et
264 881 462 944 decretalibus
474 877 650 959 pontificum
661 922 669 954 ,
681 893 747 956 quae
768 875 834 936 usui
847 881 877 935 et
888 873 1051 953 receptioni
1061 891 1147 935 suam
1159 876 1369 937 auctoritatem

222 978 331 1041 debent
346 975 396 1059 (b).

266 1088 294 1135 a.
313 1070 441 1133 Clericus
453 1069 567 1131 reditus
578 1068 701 1131 omnino
712 1065 879 1147 superlluos
891 1064 929 1127 ad
942 1064 1127 1145 erogandum
1142 1066 1174 1127 in
1185 1084 1295 1129 causas
1306 1069 1369 1149 pias

220 1169 334 1251 justitia
345 1168 459 1248 obligat
474 1165 526 1248 (a).

627 1280 646 1359 §
663 1280 701 1340 V.
720 1281 774 1339 lar
792 1278 962 1338 Publicem.

265 1421 293 1471 t.
309 1409 404 1487 Reges
419 1404 449 1466 in
463 1401 720 1466 administratione
731 1418 833 1462 rerum
845 1399 1057 1480 temporalium
1065 1406 1097 1462 et
1108 1399 1245 1462 civilium
1254 1403 1367 1464 nullum

224 1505 254 1565 in
265 1504 324 1565 hac
337 1510 434 1580 terra,
448 1506 555 1583 prater
570 1500 668 1562 solum
681 1501 778 1560 Deum
790 1505 959 1578 agnoscunt
971 1498 1170 1580 superiorem.

263 1611 293 1660 n.
310 1601 404 1678 Reges
414 1586 541 1679 possunt
551 1603 582 1657 et
594 1594 705 1657 debent
717 1595 761 1656 uti
772 1593 871 1674 gladio
884 1612 945 1657 non
956 1596 1056 1657 solum
1065 1595 1105 1657 ad
1114 1596 1290 1679 reipublice
1298 1617 1363 1660 con-

222 1697 438 1772 servationem,
451 1693 505 1755 sed
516 1693 555 1754 ed
572 1691 723 1771 religionis
736 1691 828 1753 etiam
842 1691 1142 1772 defensionemque
1156 1701 1223 1754 tam
1236 1694 1268 1755 in
1281 1696 1365 1756 tutela

221 1802 253 1855 et
262 1793 436 1856 executione
443 1792 494 1852 SS.
502 1807 664 1867 canonum,
675 1807 767 1869 quam
774 1787 804 1848 in
814 1788 1034 1869 extirpandiset
1043 1790 1218 1851 coercendis
1229 1792 1366 1854 abusibus

221 1890 469 1972 ipsorumetiam
490 1887 760 1951 ecclesiasticorum
770 1931 778 1964 ,
798 1885 868 1947 siin
887 1885 934 1946 his
948 1904 1053 1947 eorum
1072 1876 1246 1967 superiores
1263 1888 1367 1958 defice
1408 1881 1410 1887 ’

220 1997 303 2067 rent,
315 1987 462 2052 consistit.

263 2099 290 2148 3.
304 2087 336 2148 Si
353 2085 474 2149 ludices
485 2082 677 2146 ecclesiastici
686 2100 741 2144 sua
751 2086 899 2162 potestate
908 2081 1192 2160 contraequitetem
1201 2085 1368 2147 naturalem

222 2191 275 2246 eut
293 2201 424 2246 omenes
440 2182 602 2243 abutantur
610 2204 619 2258 3
641 2180 791 2259 integrum
804 2185 850 2240 est
870 2178 931 2240 vim
945 2184 998 2239 aut
1010 2178 1159 2240 damnum
1173 2181 1271 2259 passis
1284 2183 1368 2247 auxi-

220 2282 295 2343 lium
311 2280 398 2359 Regis
410 2279 570 2359 implorare
583 2278 639 2355 (el).
1206 2288 1209 2294 ·

262 2392 292 2440 a.
310 2377 406 2457 Regia
418 2376 557 2456 potestati
569 2391 705 2455 personae
713 2372 922 2435 ecclesiasticae
936 2375 965 2432 'ru
979 2372 1198 2452 temporalibus
1209 2374 1250 2436 de
1259 2393 1291 2438 se
1303 2377 1368 2439 sub

220 2479 308 2555 jecta
321 2479 401 2536 sunt.

262 2585 291 2633 a.
309 2570 435 2651 Legibus
448 2566 554 2629 divinis
565 2573 688 2628 cautum
700 2571 761 2643 est,
780 2583 817 2626 ne
831 2550 940 2626 subditi
952 2565 1105 2645 quidpiam
1117 2566 1148 2626 in
1164 2567 1264 2648 Reges
1279 2571 1368 2632 ctiam

223 2669 322 2731 malos
336 2673 366 2729 et
379 2665 489 2747 impius
499 2664 556 2726 sub
568 2664 668 2725 colore
681 2678 873 2742 quocumque
887 2667 1033 2724 attentent
1046 2669 1100 2724 aut
1111 2661 1238 2726 faciant.

262 2778 291 2828 o.
305 2761 536 2827 Praseindendo
552 2763 752 2840 aprimleqio
769 2761 948 2838 Principem
959 2751 1040 2823 bona
1055 2761 1252 2824 sacerdotum
1264 2764 1367 2826 eodem

219 2864 312 2925 modo
332 2862 468 2941 subjecta
481 2864 550 2922 sunt
564 2858 705 2942 potestati
725 2857 820 2935 civili,
843 2877 879 2920 ao
900 2858 980 2920 bona
996 2857 1141 2920 laicorum
1156 2859 1188 2921 in
1211 2861 1320 2924 ordine
1333 2863 1368 2924 ad

219 2960 378 3044 pendenda
391 2959 512 3024 tributa.

260 3072 290 3121 t.
305 3060 347 3122 la
356 3059 479 3138 publica
490 3062 519 3118 et
532 3059 617 3135 pacat
635 3061 772 3116 extrema
784 3055 960 3132 reipublice
980 3059 1159 3115 necesitate
1173 3065 1228 3118 eat
1240 3059 1369 3119 calami-

132 3214 135 3219 .
220 3166 297 3234 tate,
312 3160 363 3218 cai
377 3154 565 3234 expediendo
581 3151 745 3232 facultates
758 3154 904 3212 laicorum
918 3169 1005 3230 pares
1017 3169 1076 3210 aea
1089 3158 1176 3224 aaut,
1187 3159 1289 3231 potest
1305 3155 1367 3214 lm·

217 3272 329 3332 pereas
341 3258 433 3316 ettam
445 3253 616 3313 inconsulto
630 3251 668 3310 ll.
686 3251 828 3328 Poatr'fiae
840 3266 972 3328 coapraa
983 3250 1118 3311 meridia
1131 3269 1153 3311 a
1166 3253 1284 3313 clericis
1300 3258 1365 3314 eei-
1412 3324 1426 3352 ὁ

220 3370 301 3430 pere.

260 3461 289 3510 8.
304 3448 414 3510 Omnia
426 3449 502 3510 berta
514 3446 709 3524 temporalia,
723 3461 788 3524 qua
799 3446 836 3508 ab
849 3445 986 3507 Ecclesia
997 3447 1201 3525 possideatur,
1218 3450 1368 3527 sab'eaeat

212 3549 280 3624 Jari
291 3546 384 3625 Reqio
401 3544 451 3627 (a).
485 3629 487 3633 ,

252 3696 288 3758 (e)
297 3697 401 3752 neuere
409 3695 532 3759 complura
543 3694 624 3759 spuria
635 3695 691 3745 sunt
704 3693 807 3756 inserte,
816 3705 872 3756 que
883 3694 1024 3745 aucmritate
1035 3693 1135 3745 relativa
1144 3708 1195 3744 non
1205 3696 1321 3759 gaudeat.

249 3776 285 3841 (b)
300 3775 426 3838 Pleraque
440 3773 577 3825 Decretalca
588 3771 744 3835 Pontificibus
757 3773 814 3821 ante
823 3771 934 3821 strieium
946 3775 1037 3835 Papam
1046 3772 1183 3837 inscriptae,
1191 3775 1368 3841 pseudepigra-

218 3856 273 3918 pbre
286 3856 353 3906 sunt.
1326 3872 1329 3878 ·

249 3935 284 4000 (a)
296 3935 374 3986 tiniae
381 3934 520 3986 ffleubm
532 3937 597 3986 sees.
613 3937 651 3983 at.
664 3944 718 3996 eap.
738 3936 774 3983 la.
789 3933 876 3982 rocula
888 3945 950 3984 saar
960 3931 1064 3984 multam
1076 3932 1172 3985 detorta
1182 3935 1260 3986 ninus
1271 3935 1368 3987 infirma

218 4019 269 4081 eet,
282 4020 310 4071 nt
326 4016 462 4071 dominium
477 4015 593 4067 attribuet
603 4014 703 4066 ebriata
720 4013 746 4064 in
764 4012 857 4065 reditas
875 4013 1174 4079 supereminentia
1192 4030 1252 4067 cum
1266 4017 1369 4068 amaia

217 4097 355 4161 plumenta
368 4096 428 4148 illud
439 4095 522 4147 muita
532 4095 773 4159 muuanumaperte
786 4095 900 4145 sumant
1091 4100 1093 4104 ⁴

249 4178 287 4241 (d)
302 4183 358 4230 Hoc
368 4177 513 4230 remeatum
521 4177 596 4240 tarta
609 4178 729 4241 aprtmts
738 4176 798 4237 jam
806 4175 974 4240 secalujult
983 4177 1121 4228 usitatam.

144 4311 146 4316 ,
249 4257 282 4320 (e)
299 4258 423 4321 exemptio
441 4257 540 4309 cledon
557 4259 639 4319 eluta
650 4254 767 4305 mnonico
780 4267 909 4319 concessa,
924 4258 1042 4320 martum
1059 4257 1123 4307 bona
1135 4259 1160 4308 et
1179 4257 1268 4310 debete
1287 4258 1367 4309 civilia

218 4336 316 4400 attinet,
329 4338 444 4401 odglnem
455 4351 525 4389 suam
533 4350 586 4388 aon
601 4340 657 4388 tem
669 4350 687 4386 a
700 4335 827 4400 Poatlttce
836 4341 867 4388 lt.
881 4351 962 4402 qaam
971 4352 1005 4389 ea
1014 4339 1180 4402 indulcentia
1192 4344 1219 4392 at
1225 4341 1367 4405 prtollcalo

219 4418 374 4480 Principum
385 4420 554 4470 aeaalartam
567 4417 660 4469 treblt.
680 4418 740 4466 nac
752 4418 834 4467 umen
846 4419 924 4481 matie
936 4421 962 4470 et
976 4420 1098 4484 exemptio
1117 4433 1165 4470 nou
1178 4421 1295 4485 impedit,
1308 4435 1366 4485 quo

219 4496 300 4546 ruinas
313 4497 386 4548 oden
395 4499 480 4551 elerici
489 4500 537 4552 sint
548 4504 573 4551 at
583 4500 696 4550 maumnt
707 4497 797 4547 subditi
808 4497 947 4563 Principum
960 4500 1123 4550 secularium.
