3188 5414
435 525 681 585 EpisTOLnET
695 524 833 579 -rnnvm
852 522 1086 578 SELECTIORA.
1296 526 1335 575 ald

185 638 350 720 sequimur,
365 634 449 716 quod
461 633 562 715 reipsa
575 632 667 694 etiam
679 649 735 712 pro
747 627 972 712 opportunitate
988 626 1180 708 cupidissime
1193 626 1336 688 declarati

185 751 301 798 sumus.
321 733 447 796 Interim
456 727 491 793 ¹in
505 732 596 809 hujus
617 724 779 812 pontificiae
795 727 1010 791 benevolentias
1018 727 1128 808 pignus
1140 724 1337 804 apostolicam

185 830 428 895 benedictionem
446 828 517 906 tibi,
532 827 640 889 dilecte
651 826 712 899 fili,
732 824 842 887 nobilis
854 825 911 902 vir,
927 827 1119 904 peramanter
1134 821 1335 901 impertimur.

187 933 298 992 Datum
308 929 421 999 Romo,
434 933 505 996 etc„
516 927 566 987 die
580 935 614 986 ιι
618 926 697 1002 julii
709 934 798 998 1769,
806 925 999 1001 pontificatus
1007 924 1104 982 ποιινι·
1116 937 1195 980 anno
1204 923 1316 997 prima

669 1066 851 1080 ιιι-νεὼ*

721 1189 795 1262 XV.

630 1363 778 1408 renueris
801 1365 899 1407 mnus
949 1354 953 1363 '
1013 1356 1016 1363 '

402 1490 647 1556 ιιιιοιιιιιιι
662 1459 964 1552 ιιιιιιιιιιιιιιι
985 1491 1121 1552 srunn

546 1624 704 1674 civl'rms
720 1625 851 1675 NOSTRAE
867 1625 979 1672 URBINI
1004 1649 1008 1656 ·
1063 1647 1067 1655 ·

501 1765 737 1843 CLEMENS
764 1765 891 1844 ΡΑΡΑ
917 1760 1024 1841 XlV.

956 1936 1154 2000 Romoe,151’nlli
1176 1943 1245 1990 1769.
1291 1969 1294 1972 ·

183 2052 188 2143 [
229 2063 360 2136 Dilecti,
383 2067 442 2122 etc.
459 2062 538 2122 Inter
559 2061 727 2124 commissae
747 2060 839 2123 Nobis
856 2078 954 2142 nuper
974 2057 1119 2120 universae
1139 2056 1291 2136 ecclesiae,
1309 2063 1340 2120 et

189 2158 391 2220 maximorum
412 2158 619 2243 negotiorum,
641 2159 750 2239 quibus
779 2158 970 2241 uehementer
1003 2155 1198 2232 distinemur,
1226 2154 1340 2217 sollici-

188 2255 307 2318 tudines
321 2255 481 2337 peculiaris
500 2261 602 2318 nostra
623 2257 734 2319 caritas
750 2257 844 2319 invos
856 2262 1046 2335 uestramque
1061 2253 1225 2331 civitatem,
1246 2272 1339 2334 quam

181 2352 307 2436 *pridem
338 2358 368 2415 et
392 2352 523 2434 patriam
548 2360 764 2435 reponentem
786 2360 923 2434 nostram
949 2351 1171 2435 reputavimus,
1200 2368 1281 2413 nuno
1306 2359 1340 2414 ιιι

181 2448 375 2534 carissimam
391 2449 485 2512 filiam
498 2449 739 2530 complectimur,
751 2449 835 2529 facit,
853 2456 888 2512 ut
898 2449 1079 2531 perlibenter
1086 2447 1125 2509 ad
1133 2465 1188 2529 ros
1204 2448 1340 2511 animum

184 2546 445 2629 ,cogitationesque
465 2553 585 2611 nostras
601 2566 798 2626 revocemus,
816 2555 847 2610 et
867 2554 1026 2632 paternam
1045 2551 1181 2630 nostram
1194 2563 1265 2626 erga
1285 2565 1339 2608 vos

187 2640 543 2727 benevolentiam'aliquo
561 2664 623 2708 non
634 2647 764 2709 obscuro
778 2645 888 2707 indicio
908 2649 1049 2728 testatam
1066 2651 1215 2729 perpetuo.
1230 2642 1339 2726 ,lacere

189 2742 358 2824 cupiamus.
371 2745 457 2804 Hanc
475 2748 611 2804 nostram
632 2760 750 2822 semper
763 2742 794 2803 in
817 2760 870 2803 vos
887 2741 1014 2804 mirifice
1028 2740 1217 2827 propensam·
1229 2742 1340 2804 volun-

188 2846 284 2902 tatem
294 2841 391 2920 magis
402 2828 632 2902 etiamexcitant
642 2847 730 2921 atque
741 2841 928 2903 inflammant
936 2839 1123 2903 Venerabilis
1135 2839 1226 2901 irater
1237 2846 1340 2902 noster

190 2937 321 3021 ,ioannes
338 2936 515 2998 Franciscus
534 2938 565 2996 S.
580 2939 618 2997 R.
640 2939 675 2998 E.
689 2938 853 3010 cardinalis
864 2938 1008 3015 Albanus,
1021 2943 1052 2998 et
1068 2936 1168 2998 dilecti
1181 2936 1234 2997 filii
1246 2939 1338 3000 nostri

191 3032 359 3107 Alexander
376 3034 407 3094 S.
418 3036 455 3094 R.
472 3036 506 3095 E.
519 3032 682 3095 Cardinalis
693 3035 839 3113 Albanus,
852 3041 882 3096 et
893 3033 1072 3116 Benedictus
1087 3035 1118 3094 S.
1138 3033 1173 3093 ll.
1190 3035 1226 3095 E.
1241 3035 1342 3096 Cardi-

192 3129 268 3191 nalis
288 3131 455 3191 veteranus
476 3130 556 3192 cives
577 3130 668 3191 vestri
692 3131 908 3208 amantissimi,
928 3149 1005 3211 quos
1028 3130 1068 3192 ob
1091 3130 1224 3211 egregias
1247 3132 1339 3197 animi

191 3227 294 3291 laudes
307 3229 428 3310 plurimi
439 3229 582 3308 iacimus,
597 3237 627 3292 et
641 3231 680 3293 ob
693 3230 827 3293 maxima
833 3231 864 3311 in
876 3232 938 3309 Nos
951 3229 1060 3291 merita
1075 3229 1163 3291 unice
1175 3229 1338 3310 diligimus.

191 3316 1339 3409 HicumvestreminNosobservantiamacpietatemdiligenterdeclararunt,

192 3431 257 3486 tum
267 3424 401 3504 ejusdem
411 3425 561 3513 optimum
571 3444 606 3487 ac
617 3425 839 3511 optatissimum
848 3424 936 3487 nobis
946 3427 1338 3507 argumentumretulerunt,

193 3521 335 3583 nimirum
351 3522 601 3611 compositamet
570 3522 713 3583 ettsubla
700 3528 765 3584 tem
778 3522 921 3603 jamesse
935 3521 1168 3601 controversiam
1179 3521 1262 3585 illam
1275 3543 1341 3604 quae
1382 3526 1385 3532 '

195 3615 270 3679 mter
277 3637 342 3695 vos,
356 3638 390 3680 ac
398 3619 474 3681 inter
485 3619 609 3681 dilectos
616 3619 694 3681 filios
703 3638 835 3681 minores
843 3625 970 3681 conven
958 3619 1103 3681 utalest
1065 3627 1103 3681 ist
1105 3620 1150 3681 ius
1160 3621 1341 3702 urbisSera-

195 3708 300 3796 phicos
319 3722 372 3796 pat
372 3734 419 3777 res
437 3715 554 3803 J'amdiu
569 3715 771 3777 intercedebat
773 3733 926 3795 ‚eamque
943 3714 1038 3776 nostri
1055 3694 1228 3778 demerendi
1243 3723 1311 3796 grat
1312 3717 1341 3780 ia

194 3813 385 3894 potissimum
410 3812 516 3875 initam
540 3811 630 3874 luisse
646 3811 851 3875 concordiam
873 3813 969 3886 Quam
987 3812 1137 3892 ingentem
1157 3813 1226 3874 inde
1231 3814 1342 3896 volup

194 3921 288 3975 tatem
297 3931 399 3975 ιιιιιιιο
413 3911 591 3992 ceperimus,
603 3910 691 3986 facile
710 3911 871 3992 perspiciet
883 3910 1054 3992 quicunque
1072 3911 1236 3991 intelliget,
1248 3931 1341 3993 quam

195 4011 335 4092 singulari
350 4009 449 4074 studio
463 4029 534 4090 erga
551 4009 741 4090 seraphicum
752 4009 902 4086 ordinem,
918 4009 949 4069 in
962 4027 1024 4089 quo
1043 4008 1093 4070 alti
1112 4015 1202 4088 etque
1222 4008 1341 4073 educati

197 4108 326 4189 plurima
345 4108 444 4171 eidem
466 4126 485 4169 ι
506 4108 593 4169 nobis
615 4114 740 4189 accepta
756 4108 913 4170 referenda
933 4125 996 4170 esse
1013 4108 1201 4189 profitemur,
1217 4109 1341 4173 animati

196 4222 261 4266 esse
281 4205 457 4291 debeamus,
479 4223 631 4286 quamque
642 4206 716 4268 item
739 4205 839 4268 affecti
859 4223 930 4284 erga
948 4223 1013 4282 vos,
1026 4211 1217 4284 vestramque
1235 4190 1341 4294 urhem

197 4303 302 4381 simus,
318 4304 404 4383 cujus
420 4303 451 4365 in
464 4321 520 4366 nos
532 4302 737 4397 familiamque
759 4308 828 4365 nost
829 4320 895 4364 rem
908 4301 1040 4383 plurima
1059 4301 1205 4382 nobisque
1229 4323 1340 4390 accep-

195 4391 311 4462 lissima
324 4400 435 4462 amoris
448 4408 644 4464 monumenta
656 4418 776 4481 semper
789 4399 961 4463 extiterunt.
972 4402 1077 4482 Itaque
1088 4408 1235 4481 quantum
1254 4410 1343 4487 antea

195 4497 339 4601 molestiae
352 4498 523 4577 hujusmodi
535 4517 593 4561 con
593 4497 827 4562 troversiaeinter
837 4503 936 4578 partes
946 4496 1038 4559 Nobis
1052 4498 1222 4563 carissimas
1233 4478 1344 4563 allero-
