3188 5414
486 465 666 520 EPlSTOLAE
686 465 880 519 urenevit
900 467 1131 522 SELECTlORA.
1243 522 1248 532 ,
1327 476 1377 524 295

149 636 151 642 ,
238 568 451 644 cernimus,ac
462 587 728 648 praeoavemus,ne
739 576 862 649 propter
873 570 1041 649 puellarum
1050 571 1376 650 predictarumadmis-

200 672 207 686 ·
238 666 556 744 sionem,m0nialinm
567 667 768 749 professarum
775 711 783 746 ,
798 675 830 730 et
840 668 1007 730 choralium
1019 688 1162 732 numerus
1171 673 1247 733 ultra
1258 672 1377 734 duode-

237 763 355 824 narium
375 763 557 827 diminuatur
576 791 583 826 :
611 766 685 828 adeo
708 773 742 827 ut
757 766 917 829 duodecim
936 769 1042 829 saltem
1060 769 1204 831 moniales
1221 769 1380 850 professae,

236 858 266 920 in
281 858 316 920 iis
332 860 477 923 continuo¹
490 880 525 923 ac
538 869 684 942 perpetuo
696 864 893 943 commorari,
914 881 949 926 ac
958 863 1101 944 religiosa
1117 866 1187 928 vitae
1202 884 1308 943 onera,
1321 882 1376 928 nec

234 971 294 1015 non
307 955 408 1018 debita
421 957 521 1030 chori,
534 965 566 1020 et
577 959 769 1022 ecclesiarum
787 978 910 1022 suarum
922 961 1041 1022 servitia
1053 978 1184 1042 congrue
1200 969 1376 1042 supportare

233 1052 361 1115 debeant
381 1060 411 1115 et
432 1057 561 1117 valeant.
585 1057 730 1130 Quocirca
750 1057 976 1120 venerabilibus
996 1058 1149 1121 Fratribus
1169 1058 1322 1139 Episcopis
1345 1060 1375 1122 in

233 1152 335 1229 Regno
348 1153 480 1215 Poloniae
490 1163 522 1216 et
531 1155 639 1232 Magno
650 1157 766 1217 Ducatu
776 1153 942 1218 lithuaniae
954 1154 1258 1217 constitutis-nomine
1270 1165 1374 1218 nostro

232 1247 419 1326 committas,
434 1255 468 1311 ut
477 1251 609 1330 pensatis
619 1251 804 1332 singulorum
815 1251 1066 1314 monasteriorum
1080 1269 1202 1312 suarum
1212 1253 1374 1332 respective

232 1347 403 1409 dioecesium
425 1349 617 1412 facultatibus
643 1371 678 1412 ac
703 1349 949 1427 necessitatibus,
970 1349 1073 1411 accitis
1098 1350 1189 1410 etiam
1208 1350 1373 1411 eorundem

230 1447 483 1511 monasteriorum
492 1448 672 1513 immediatis
684 1449 901 1531 superioribus,
913 1466 949 1512 ac
962 1447 999 1512 de
1010 1466 1116 1512 eornm
1127 1446 1251 1512 consilio
1262 1454 1292 1508 et
1303 1467 1373 1510 con-

228 1560 332 1622 sensu,
348 1547 371 1607 si
386 1566 453 1627 quae
463 1549 644 1610 monasteria
664 1549 844 1629 repererint,
858 1567 924 1628 qun
937 1548 1051 1628 possint
1063 1548 1177 1628 puellas
1190 1547 1305 1627 aliquas
1318 1548 1372 1624 (ab

228 1643 374 1704 Octoviris
384 1644 600 1724 designandas,
613 1647 744 1727 ipsisque
758 1646 914 1709 ordinariis
933 1645 1034 1726 quoad
1045 1652 1268 1727 paupertatem,
1280 1643 1372 1705 vitain

188 1751 190 1757 ’
228 1745 258 1798 et
268 1738 455 1802 honestatem
468 1743 714 1833 approbandas),
730 1743 843 1823 absque
855 1742 975 1808 bmttae
986 1742 1130 1822 religiosae
1143 1748 1212 1803 actu
1225 1741 1268 1804 ibi
1290 1742 1370 1805 exis-

228 1836 320 1897 tentis
334 1837 543 1916 incommodo,
556 1842 602 1902 vel
612 1841 806 1918 detriment0,
821 1839 993 1917 caritative,
1006 1847 1035 1900 et
1051 1839 1144 1919 gratis
1157 1839 1303 1920 recipere,
1315 1841 1369 1920 ipsi

228 1950 285 2010 pro
299 1934 422 1996 arbitrio
433 1980 441 2012 ,
453 1942 484 1996 et
496 1937 656 2017 prudentia
667 1956 722 1998 sua
733 1955 784 1999 eas
794 1936 825 1997 in
834 1934 1006 2014 hujusmodi
1019 1935 1201 1997 monasteria
1216 1909 1326 2015 rebipi,
1341 1946 1370 1997 et

229 2027 345 2091 admitti
359 2033 482 2095 omnino
492 2033 618 2110 faciant3
640 2033 909 2113 decedendbusque
930 2033 1008 2095 ultra
1025 2032 1243 2095 duodenarium
1261 2030 1370 2094 nume-

227 2142 296 2188 rum
310 2128 490 2191 monialibus
506 2130 538 2192 in
558 2149 662 2193 earnm
682 2133 782 2193 locum
802 2123 930 2193 totidem
947 2129 1021 2192 alias
1036 2130 1150 2210 puellas
1170 2128 1322 2206 (similiter
1337 2139 1369 2190 ut

225 2240 317 2302 supra
335 2225 373 2285 ab
391 2227 535 2290 Octoviris
556 2228 754 2308 designandas
760 2237 814 2304 ,et
826 2228 864 2290 ab
882 2226 955 2308 ipsis
966 2227 1123 2290 ordinariis
1141 2225 1367 2307 approbandas)

170 2359 176 2367 -
225 2319 424 2400 substituant,
439 2343 476 2386 ac
489 2324 640 2387 sufficiant
654 2350 662 2386 :
676 2325 717 2386 ita
731 2325 812 2405 quod
820 2330 866 2387 tot
879 2324 919 2387 ibi
935 2325 1041 2405 puelle
1055 2323 1116 2386 fere
1131 2334 1366 2400 commorentur,

222 2417 304 2496 quod
314 2418 597 2486 deductisoneribus
607 2422 739 2495 ecclesiae
750 2431 781 2485 et
789 2421 1036 2499 monasterii,nec
1044 2439 1104 2482 non
1114 2437 1246 2498 congrua
1255 2418 1367 2484 duode-
1437 2466 1442 2476 .

222 2515 280 2576 cim
291 2517 397 2580 saltem
409 2521 586 2584 monialium
597 2521 812 2602 'predictarum
821 2521 1047 2598 sustentatione,
1058 2525 1198 2600 poterunt
1214 2536 1249 2579 ex
1261 2519 1367 2581 annuis

221 2613 396 2693 redditibus,
410 2626 441 2679 et
453 2617 647 2698 proventibus
657 2618 695 2680 ali
708 2624 739 2679 et
750 2617 921 2680 sustentari.
935 2615 1020 2690 Quod
1032 2615 1056 2676 si
1067 2613 1175 2675 deiude
1184 2615 1366 2675 monasteria
1402 2667 1408 2677 Ι

221 2708 286 2788 ipsa
296 2711 407 2791 aliquid
420 2720 594 2792 paterentur
606 2714 637 2774 in
649 2712 749 2773 lundis
756 2758 765 2790 ,
780 2711 910 2774 edificiis
921 2756 929 2788 ,
941 2712 988 2771 vel
999 2709 1162 2770 redditibus
1175 2707 1296 2770 evidens
1315 2710 1365 2771 de
1442 2739 1454 2756 s

221 2806 477 2884 trimentum‚neo
492 2818 613 2888 possent
627 2807 757 2887 amplius
776 2825 918 2869 unacum
932 2804 1191 2886 religiosalamilia
1203 2823 1308 2866 omnes
1323 2807 1364 2866 ibi

221 2903 398 2965 constitutas
409 2903 610 2966 alimentarias
620 2904 736 2984 puellas
745 2909 930 2979 sustentare,
944 2901 1136 2982 provideatur
1146 2918 1200 2979 per
1213 2900 1294 2980 ipsos
1312 2920 1365 2961 or-

219 2999 351 3062 dinarios
364 3006 434 3063 ante
445 3002 546 3064 omnia
562 3001 707 3080 religiosa
726 3001 859 3080 ejusdem
872 2998 993 3061 familiae
1011 2996 1237 3074 sustentationi,
1254 3017 1288 3058 ac
1308 3017 1363 3059 ne-

218 3096 354 3158 cessariis
369 3097 540 3162 ministeriis
562 3098 776 3179 :proindeque
803 3103 847 3158 tot
867 3096 973 3176 puella.
993 3094 1134 3174 deinceps
1154 3091 1361 3173 admittantur,
1384 3157 1385 3160 ,

219 3211 254 3256 ac
265 3194 496 3273 substituantur,
511 3203 601 3277 quot,
616 3195 754 3258 deductis
765 3194 908 3274 religiosae
920 3192 1054 3269 familiae,
1069 3209 1125 3253 nec
1139 3208 1201 3252 non
1213 3191 1360 3269 ecclesiae,

219 3309 254 3352 ac
275 3292 449 3355 monasterii
463 3292 705 3370 necessitatibus,
726 3300 867 3373 poterunt
883 3311 920 3354 ex
938 3292 1058 3372 reliquis
1072 3289 1238 3353 redditibus
1254 3292 1315 3369 ali,
1326 3312 1360 3353 ac

218 3389 388 3450 sustentari.
409 3391 439 3451 Si
457 3408 529 3452 vero
543 3391 643 3471 aliqua
657 3392 782 3453 honesta
799 3390 898 3470 virge,
914 3391 959 3450 vel
973 3389 1061 3451 vidua
1081 3388 1120 3451 ad
1133 3389 1359 3451 instructionem

218 3484 383 3562 puellarum
396 3487 562 3548 necessaria
576 3486 739 3562 videretur,
758 3492 789 3546 et
803 3485 840 3546 ab
859 3486 1009 3547 ordinario
1024 3485 1081 3546 loci
1100 3504 1239 3565 expresse
1254 3504 1360 3565 appro-

218 3579 351 3656 baretur,
366 3599 435 3641 eam
445 3601 563 3662 quoque
584 3583 661 3645 iuter
680 3583 848 3663 puellarum
869 3583 1122 3644 alimentariarnm
1137 3600 1295 3643 numerum
1308 3602 1359 3643 re-

218 3675 350 3753 censeri,
363 3682 394 3737 et
410 3678 526 3740 admitti
537 3698 627 3759 posse
638 3697 699 3741 non
711 3678 873 3740 renuimus.
891 3674 958 3741 Non
971 3679 1160 3740 obstantibus
1173 3679 1355 3760 apostolicis,

216 3771 388 3851 caeterisque
410 3775 566 3837 contrariis
579 3776 826 3856 quibuscumque.
852 3779 964 3839 Datum
979 3779 1093 3846 Rome,
1112 3779 1192 3856 apud
1213 3779 1353 3840 Sanctam

216 3872 344 3929 Marium
358 3871 511 3947 Majorcm,
526 3873 578 3933 sub
589 3874 712 3935 Annulo
722 3877 960 3944 Piscatoris'dte
977 3887 991 3935 3
1007 3881 1110 3935 martii
1116 3888 1197 3936 <1774
1208 3879 1353 3954 ,ponttfi-
1381 3918 1387 3930 .

218 3973 300 4026 cutus
311 3973 404 4030 nostri
416 3987 494 4031 uano
511 3975 624 4049 quinto.

295 4095 296 4098 ,
928 4064 961 4118 Λ.
982 4066 1074 4120 Cssn.
1095 4065 1265 4119 Niononus.
