3188 5414
234 509 268 560 bl
664 509 867 562 CLlllllLN'llS
887 507 948 561 XlV

234 611 292 672 tuis
305 611 443 672 rrrrrsimis
464 612 576 672 inentis
592 612 722 672 innixam
736 613 974 674 benevolentiam
982 657 990 689 ,
1005 630 1097 692 quam
1115 612 1167 674 tibi
1181 631 1300 694 stuiper
1312 632 1384 689 ma-

232 706 277 784 gis
290 707 409 785 egregia
429 707 527 787 aliqua
548 707 763 787 significatione
782 710 960 772 confirmare
979 708 1145 789 cupientes,
1158 707 1278 788 iuterim
1294 729 1383 791 apus-

233 800 354 863 tolicam
375 803 612 865 benedictionem
636 804 701 883 tibi,
718 806 902 867 Venerabilis
923 808 1037 883 Frater,
1054 813 1245 886 peramanter
1264 806 1382 889 imper-

233 902 334 964 timur.
352 906 465 970 Dotem
479 907 590 975 Rome,
604 913 675 976 etc,
694 905 744 965 die
756 916 773 966 6
781 907 868 982 jonii
884 916 970 979 1770,
984 907 1177 984 pontificatus
1191 910 1288 965 riustri
1298 923 1381 966 acac

230 1005 369 1064 cencede.

709 1108 890 1118 -ιι

713 1217 887 1286 LXXXIV.

642 1375 831 1416 venenatum
855 1374 966 1416 FRATRl

359 1480 495 1538 attento
516 1480 725 1540 FRIDERICO
746 1480 930 1540 EPISCOPO
951 1479 1242 1551 BAMBERGENSI,
1345 1545 1348 1552 ,

659 1605 698 1652 ur
714 1605 938 1664 anarrouuusr,

539 1710 769 1789 CLEerENS
792 1711 927 1805 PAPA
954 1710 1062 1786 XlV.

1013 1862 1110 1918 Rornae,
1127 1859 1227 1919 tojunii
1243 1861 1311 1908 1770.

269 1971 473 2040 Venerabilis,
486 1977 543 2031 etc.
562 1969 625 2030 Etsi
645 1969 675 2029 in
689 1968 806 2030 dierum
820 1967 964 2029 festorum
985 1965 1194 2027 imminutione
1204 1984 1298 2046 quam
1313 1969 1376 2030 Nos

225 2067 338 2129 inducti
352 2085 520 2147 pauperum
537 2085 630 2146 opera
646 2085 682 2127 ac
701 2066 804 2128 labore
818 2065 877 2127 sibi
892 2065 1005 2126 victum
1025 2063 1223 2145 querentium
1237 2067 1376 2128 necessi-

225 2163 336 2225 tatibus
346 2181 400 2243 per
411 2170 441 2224 te
453 2163 586 2242 aliosque
598 2163 757 2224 nonnullos
768 2163 961 2225 Venerabiles
972 2165 1091 2224 Fratres
1103 2161 1267 2244 Episcopus
1279 2181 1374 2246 expo-

223 2261 288 2321 sitis
305 2258 473 2320 saciendam
488 2257 662 2338 Apostolica
682 2259 861 2320 auctoritate
875 2258 1098 2336 concessimus,
1120 2257 1272 2319 servande
1294 2257 1375 2331 inter

224 2373 278 2415 vos
292 2354 322 2414 in
336 2354 419 2416 cultu
430 2353 482 2414 Dei
504 2352 717 2414 uniformitatis
729 2353 877 2416 rationem
890 2353 1062 2416 habendam
1075 2354 1275 2432 duceremus,
1301 2353 1373 2416 illuc

223 2459 326 2512 tamen
344 2450 493 2530 precipue
510 2449 692 2511 intendimus
708 2470 810 2529 curas,
827 2459 858 2514 et
869 2453 994 2516 consilia
1009 2460 1127 2532 nostra,
1140 2459 1175 2515 ut
1191 2452 1373 2533 minimum,

221 2547 304 2626 quod
318 2547 381 2608 fieri
393 2553 504 2627 posset,
516 2547 555 2607 ab
563 2547 777 2609 Ecclesiastice
786 2548 947 2631 discipline
961 2551 1124 2633 antiquitus
1130 2551 1196 2630 jam
1206 2569 1260 2632 per
1270 2551 1375 2614 Cbris·

221 2649 339 2708 tianum
355 2646 460 2708 orbern
472 2645 668 2708 constabilite
682 2648 797 2726 legibus
814 2649 1015 2710 recederetur.
1031 2652 1129 2731 Atque
1144 2649 1257 2713 idcirco
1269 2650 1373 2714 visum

222 2747 315 2807 Nobis
325 2746 380 2808 luit
391 2765 488 2827 neque
502 2766 519 2808 a
531 2746 658 2827 pristina
669 2746 787 2808 dierum
799 2746 868 2808 sede
882 2747 1077 2809 dimovendas
1091 2765 1157 2808 esse
1171 2747 1373 2827 Sanctorum,

221 2845 381 2925 dequibus
402 2844 556 2924 agebatur,
576 2844 895 2922 commemorationes,
915 2863 1012 2924 neque
1032 2844 1232 2925 precedentes
1244 2843 1375 2925 Vigilias

220 2961 291 3004 cum
303 2942 425 3005 annexis
435 2942 557 3022 jejuniis
577 2960 633 3003 suo
646 2943 714 3005 loco
731 2961 796 3004 esse
810 2941 1025 3004 deturbandas.
1041 2943 1161 3004 Salvam
1173 2951 1263 3022 atquc
1280 2941 1373 3006 inco-

219 3044 331 3104 lumem
343 3043 373 3103 iu
384 3043 444 3103 hoc
455 3060 518 3103 esse
527 3042 665 3104 volumus
674 3042 803 3122 priscam
813 3039 1010 3121 paternorum
1020 3057 1172 3102 canonum
1181 3085 1190 3117 ,
1200 3038 1374 3119 religiosis-

219 3140 423 3219 simarumque
443 3139 580 3200 Eoclesie
600 3139 821 3201 institutionum
839 3138 915 3216 vim,
935 3157 1006 3200 cum
1026 3138 1223 3217 indigentium
1239 3141 1374 3201 uecessi-

219 3236 273 3296 tati
285 3237 358 3296 satis
375 3238 439 3312 jam
453 3242 530 3296 esset
543 3240 573 3294 et
585 3235 726 3296 audiendi
743 3235 819 3296 sacri
830 3279 838 3313 ,
850 3242 881 3297 et
901 3234 1052 3297 servilium
1066 3252 1193 3315 operum
1210 3232 1371 3307 intermis-

219 3333 538 3416 sionisdispensatione
549 3334 732 3396 consultum.
744 3332 835 3394 Vides
847 3332 947 3412 igitur,
956 3332 1141 3394 Venerabilis
1151 3333 1261 3407 Frater,
1268 3347 1373 3411 quam

218 3435 321 3513 longe,
334 3438 365 3493 et
378 3451 397 3493 a
410 3431 558 3493 sententia
576 3437 679 3492 nostra
699 3436 730 3492 et
751 3429 873 3510 asperis
883 3429 999 3508 legibus
1007 3476 1015 3507 ,
1029 3435 1059 3490 et
1072 3429 1111 3490 ab
1127 3429 1191 3510 ipso
1203 3422 1373 3489 uniformi-

218 3529 289 3593 tatis
304 3529 411 3609 spiritu
426 3528 566 3608 Episcopi
579 3527 743 3606 distarent,
765 3528 816 3608 qui
831 3534 908 3590 inter
926 3527 1070 3590 finitimos
1086 3535 1171 3606 tuos,
1186 3533 1221 3609 ut
1241 3525 1372 3594 innuere

218 3627 341 3706 videris,
354 3628 384 3689 in
397 3626 591 3706 Vigiliarum,
604 3633 635 3688 et
643 3627 826 3704 jejuniorum
847 3625 1049 3707 quorumdam
1062 3625 1093 3687 in
1107 3623 1279 3706 precedens
1293 3625 1372 3688 sab-
1394 3675 1397 3687 .

217 3728 344 3790 bathum
356 3725 582 3787 translationem
600 3725 815 3787 consenserint.
831 3727 928 3800 Quam
942 3725 1064 3806 quidem
1080 3723 1193 3802 scimus
1203 3720 1371 3805 sapientis-

217 3804 328 3885 simum
345 3822 440 3884 etiam
452 3821 702 3902 predecessorem
720 3830 858 3884 nostrum
876 3822 926 3883 sel.
943 3841 1005 3883 rec.
1021 3820 1217 3883 Benedictrnn
1230 3820 1370 3889 XlVetsi

217 3943 294 4006 sepe
315 3928 470 4002 rogatum,
485 3921 574 3982 nullis
590 3928 692 3983 tamen
713 3919 880 3982 rationibus
897 3919 997 3981 induci
1012 3936 1146 4001 unquam
1157 3917 1311 4008 potuisse,
1331 3929 1371 3983 ut

217 4021 403 4086 concederet.
420 4019 487 4080 Noli
501 4019 603 4099 itaque
616 4017 780 4080 conformis
795 4016 858 4079 fieri
878 4017 930 4095 iis,
943 4016 995 4097 qui
1010 4017 1049 4078 ab
1066 4015 1209 4084 universe
1224 4014 1369 4081 Ecclesiae

216 4137 290 4193 usu,
307 4136 404 4198 eaque
418 4115 637 4193 uniformitate,
654 4132 721 4195 que
742 4114 780 4175 ab
795 4114 935 4175 omnibus
954 4113 1085 4175 maxime
1108 4109 1256 4175 servanda
1267 4121 1316 4176 est
1331 4121 1370 4183 ¹at

216 4213 387 4292 retinenda,
410 4220 441 4276 et
462 4218 607 4292 preterea
632 4232 650 4274 a
671 4211 772 4274 debita
800 4212 978 4293 Apostolice
1003 4212 1154 4274 cathedre
1173 4209 1369 4285 observantia

154 4339 158 4345 ·
216 4308 380 4389 plurimum
398 4308 597 4372 discesserint.
616 4312 695 4371 llum
706 4310 769 4371 heo
781 4309 852 4388 tibi,
867 4311 1051 4373 Venerabilis
1068 4313 1183 4388 Frater,
1199 4328 1257 4390 pro
1270 4309 1369 4372 matri

215 4406 349 4468 muneris
362 4409 495 4482 ratione,
521 4426 635 4487 proque
648 4407 717 4484 illc,
740 4408 966 4488 quodebemus
987 4427 1053 4471 esse
1075 4409 1106 4470 in
1122 4407 1369 4471 Ecclesiasticam

215 4502 420 4584 disciplinam,
441 4505 540 4569 studio
554 4505 761 4583 rescribimus,
775 4507 930 4585 majorem
945 4507 975 4568 iu
993 4506 1119 4568 modum
1133 4512 1163 4568 te
1179 4503 1209 4568 in
1234 4502 1376 4568 Domino
