3226 5408
343 472 448 546 aa‘
622 526 638 539 ..
770 491 973 546 muniemus
991 492 1055 546 xrv

340 596 446 657 darent
455 611 591 676 operam,
599 593 791 656 vehementer
801 601 952 674 optamus,
960 614 997 657 ne
1008 597 1070 657 baec
1083 596 1174 656 etiam
1184 615 1245 658 non
1256 597 1418 660 mediocris
1431 619 1492 679 pu-

340 695 424 757 blicae
437 682 576 756 utilitatis
589 712 660 774 pars
674 695 826 774 praterita
837 713 918 756 nunc
932 695 1035 772 isthic,
1048 685 1085 757 aa
1102 699 1240 775 neglecta
1253 715 1317 758 esse
1332 697 1487 762 rideatur.

340 790 467 853 Proinde
481 797 641 872 postquam
652 791 709 852 rito
722 792 886 853 constituta
898 799 986 854 erunt
1000 793 1117 872 singula
1131 792 1182 855 illa
1195 793 1315 874 pietatis
1326 810 1428 874 opera,
1450 815 1491 856 ac

340 887 376 948 iis
389 895 533 968 praterea
546 887 733 950 satisfactum
754 890 911 967 oneribus,
923 909 991 970 quaa
1003 891 1090 954 bonis
1101 938 1109 968 ,
1122 893 1275 969 ecclesiis,
1292 912 1327 955 ac
1339 893 1486 955 domibus
1532 892 1535 897 ’

340 986 457 1048 tuendis
471 985 648 1065 utendisque
661 985 828 1047 necessarie
838 985 999 1065 inhereant,
1015 1007 1070 1050 nec
1081 1007 1142 1050 non
1154 997 1185 1051 et
1196 989 1401 1071 pensionibus,
1417 1009 1490 1070 quaa

339 1084 499 1163 quotannis
526 1083 689 1160 debentur,
710 1083 783 1144 dum
807 1085 982 1165 superstites
1003 1092 1113 1164 erunt,
1132 1087 1169 1148 iis
1191 1106 1208 1149 e
1229 1088 1373 1150 societate
1398 1091 1488 1165 Jesu,

338 1179 389 1257 qui
403 1180 509 1242 Melitae
520 1178 679 1259 degebant,
698 1177 846 1259 quidquid
862 1185 928 1241 turn
941 1180 1072 1243 exainitis
1081 1182 1113 1244 in
1123 1182 1206 1244 dicto
1220 1184 1351 1245 Concilio
1373 1203 1490 1265 accep-

338 1283 438 1337 torum
453 1293 711 1357 expensarumque
717 1276 825 1356 quovis
836 1295 916 1339 auno
929 1277 1096 1341 rationibus
1112 1277 1293 1359 superfuisse
1307 1271 1488 1359 reperietur,

337 1379 517 1462 potestatem
548 1372 602 1434 tibi
626 1370 875 1434 oonoedimusid
897 1392 987 1435 omne
1011 1374 1153 1457 erogandi
1177 1375 1428 1460 impendendique
1455 1379 1488 1440 iu

338 1468 524 1548 subsidium,
539 1476 570 1532 at
592 1487 682 1532 usum
696 1476 761 1532 tam
785 1469 987 1532 universitatis
1007 1469 1154 1550 generalis
1181 1470 1364 1549 studiorum,
1390 1491 1489 1553 quarn

337 1567 453 1647 collegii
474 1565 661 1629 educationis
671 1570 735 1648 -pro
750 1566 923 1647 tyronibus,
940 1573 993 1629 aut
1012 1567 1155 1648 professis
1167 1568 1257 1630 vestri
1277 1569 1488 1651 ordinisquod

337 1684 418 1728 nunc
429 1666 588 1746 collegium
598 1665 686 1727 isthic
695 1664 966 1727 estinstituendum
979 1663 1163 1728 adnormam
1173 1666 1300 1726 aliarum
1311 1673 1488 1730 nostrarum
1595 1682 1597 1685 ·

337 1764 368 1824 in
379 1763 478 1850 lomna
489 1760 587 1823 brevis
600 1761 788 1840 litteratum,
803 1780 871 1843 quae
885 1780 947 1825 una
960 1781 1031 1824 curn
1042 1763 1125 1825 bisce
1139 1763 1250 1825 nostris
1261 1763 1299 1824 ad
1308 1769 1339 1824 te
1352 1763 1466 1826 dantur
1473 1813 1483 1844 ,

328 1858 447 1940 quibus
464 1863 529 1920 tant
544 1857 731 1920 iuniversitas
750 1858 812 1935 illa,
828 1874 923 1939 quarn
934 1859 1096 1939 collegium
1114 1859 1281 1939 apostoliea
1300 1858 1485 1925 auowrilate

337 1957 583 2040 comprobamur.
604 1960 683 2018 Dum
696 1972 769 2019 vero
777 1958 839 2019 Nos
852 1957 1025 2036 hujusmodi
1039 1963 1081 2035 te,
1098 1958 1206 2020 dilecte
1217 1959 1276 2037 lili,
1289 1957 1487 2024 facultatibus

336 2063 493 2138 augemus,
502 2054 801 2134 consolatamtuam,
810 2071 846 2116 ae
853 2054 897 2115 tui
905 2050 1023 2116 consilii
1033 2054 1325 2117 conscientiamesse
1332 2056 1485 2136 existima,

210 2229 212 2234 Ι
336 2165 397 2236 qna
411 2146 532 2216 adhoc
544 2154 659 2231 omnia,
674 2171 742 2233 quae
752 2153 983 2229 declaravimus,
1001 2150 1143 2214 omnibus
1156 2152 1291 2214 numeris
1303 2159 1333 2214 et
1346 2154 1487 2233 partibus

335 2244 539 2331 complenda,
560 2255 650 2329 atque
672 2249 745 2310 huie
766 2242 930 2330 pontificiae
947 2248 1096 2311 voluntati
1120 2249 1345 2312 accuratissime
1365 2250 1487 2312 satisfa-

336 2346 477 2410 ciendum
498 2344 653 2407 tenemini.
672 2345 743 2406 ‘Hac
763 2349 867 2406 tamen
880 2344 1036 2409 voluntate
1056 2352 1161 2407 nostra
1182 2362 1281 2425 neque
1297 2345 1487 2411 detrahimus

335 2432 521 2525 quidquam,
538 2458 638 2522 neque
651 2440 831 2520 derogamus
846 2440 973 2501 aliorum
984 2441 1104 2519 iuribus
1116 2443 1286 2523 presertim
1304 2442 1486 2524 episcopalis

335 2558 458 2618 mensae,
472 2546 524 2602 aut
532 2538 683 2602 seminarii
696 2538 842 2600 clericalis
852 2554 942 2618 super
952 2538 1163 2607 ecclesiasticis
1172 2539 1347 2617 Beneficiis,
1359 2541 1405 2601 vel
1416 2541 1486 2602 aliis

335 2639 440 2716 bouis,
463 2637 576 2719 vquibas
591 2637 739 2698 hactenus
757 2635 840 2698 naiti
858 2635 920 2697 siut
940 2635 1091 2698 societatis
1102 2637 1174 2697 Jesu
1195 2636 1384 2714 sacerdotem
1409 2639 1485 2716 quin

330 2725 449 2797 ¹'intaeta
467 2734 521 2796 nla
537 2747 582 2796 'ao'
595 2724 686 2794 lllaesa
703 2733 817 2794 servari
829 2733 985 2810 volumus,
999 2738 1031 2794 et
1048 2732 1073 2794 si
1089 2751 1155 2814 qua
1173 2733 1211 2795 de
1230 2735 1266 2796 iis
1278 2737 1487 2797 controversia

333 2831 483 2908 inciderit,
495 2829 634 2893 eamdam
647 2829 712 2908 Jam
725 2846 807 2893 nunc
821 2830 860 2891 ad
872 2837 1009 2893 nostram
1020 2830 1224 2910 cognitionem
1238 2848 1274 2893 ae
1285 2830 1486 2912 apostolicum

331 2928 481 3007 judicium
499 2916 673 2991 avocamus.
682 2948 686 2959 ’
695 2929 767 2989 llas
777 2933 864 3005 stant,
879 2927 997 2990 dilecta
1006 2925 1063 3007 fili,
1077 2946 1146 3009 quaa
1157 2928 1197 2990 ad
1210 2935 1240 2990 to
1253 2927 1485 3010 perscribenda,

229 3069 232 3076 -
332 3035 453 3107 tuaque
475 3016 572 3104 3lldei,
588 3036 644 3106 per
662 3026 724 3087 Nos
746 3023 963 3088 committenda
978 3043 1044 3087 essa
1072 3025 1229 3101 duximus,
1251 3043 1287 3087 ex
1302 3024 1416 3105 quibis
1432 3025 1486 3086 in-

334 3125 468 3204 telligere
483 3125 578 3186 facile
591 3128 697 3204 potos,
719 3138 812 3204 quam
830 3134 1009 3203 persuasum
1027 3124 1116 3186 nobis
1136 3125 1178 3186 ait
1198 3123 1237 3185 do
1256 3131 1310 3184 tuo
1332 3123 1364 3184 in
1381 3141 1485 3184 sacras

333 3238 400 3298 res,
422 3219 557 3282 divinum
568 3221 700 3295 cultum,
715 3237 751 3280 ac
766 3218 935 3280 animarum
951 3221 1080 3282 salutern
1101 3221 1211 3299 studio,
1225 3226 1433 3301 quantumquo
1453 3221 1508 3283 in·

334 3317 384 3378 lris
400 3317 506 3394 rebus,
518 3325 586 3397 qnae
601 3310 694 3376 Nobis
709 3314 874 3376 maximam
896 3316 1033 3394 injiciunt
1052 3317 1294 3396 sollicitudinem,
1310 3316 1485 3398 diligentia,

326 3412 496 3490 sedulitati,
508 3430 544 3474 ao
561 3410 714 3472 industria
725 3418 784 3473 tua
794 3412 972 3478 tribuamus.
987 3418 1083 3490 Quam
1093 3423 1228 3479 nostram
1238 3415 1278 3479 da
1291 3423 1321 3479 ts
1330 3414 1488 3477 ametimo-

325 3511 449 3572 tionem
466 3528 538 3572 cum
555 3507 686 3590 plurima
699 3509 853 3590 pontificia
870 3511 1076 3577 benevolentia
1089 3515 1248 3595 conjungi,
1263 3512 1370 3577 uttibi
1387 3515 1487 3594 magis

335 3606 514 3692 persuasum
526 3618 592 3672 esse
606 3609 713 3690 possit,
725 3608 902 3690 inejusdem
914 3613 1022 3692 pignus
1037 3608 1233 3694 apostolicam
1244 3611 1484 3675 benedictionem

324 3694 532 3793 ‘·tlbi,dilecte
543 3702 609 3785 tibi,
626 3713 744 3788 tuoque
761 3708 948 3772 nobilissimo
962 3711 1060 3772 ordini
1078 3716 1270 3792 peramanter
1281 3709 1481 3791 impertimur.

328 3806 451 3868 >Datum
462 3807 500 3866 tn
514 3820 583 3865 arce
597 3805 776 3885 (landulphi
788 3807 970 3868 albonensis
985 3809 1120 3869 dicans
1135 3811 1184 3869 dic
1199 3819 1236 3869 ro
1250 3808 1379 3869 aarum
1395 3817 1484 3880 taos,

324 3921 328 3925 ’
334 3903 526 3984 martarus
534 3902 629 3962 nostrl
640 3916 721 3962 enno
727 3906 838 3981 mimo.
934 3938 937 3943 >
949 3916 951 3921 ’
968 3931 970 3937 ·
