3188 5414
465 512 648 568 EPISTOLAE
665 511 709 565 ET
728 512 862 565 Bnnvm
879 511 1111 578 SELECTlORA.
1307 517 1356 568 aar

218 618 297 699 quiri
315 616 426 698 possint
439 616 477 676 ad
486 617 547 676 vim
558 661 565 688 ‚
576 617 682 693 robur,
696 635 731 678 ae
744 615 929 676 validitatem
943 617 1030 693 justa
1044 634 1200 689 sacrorum
1211 634 1362 677 sanonum

218 713 456 798 praescriptiones
479 714 669 776 tribuendam
690 713 780 774 rrovis
799 713 881 783 hisce
899 711 1026 774 decretis
1046 719 1078 773 et
1099 710 1364 775 constitutionibus

162 814 164 819 ’
218 834 284 895 qua
296 833 314 876 a
324 819 354 873 te
365 830 421 892 pro
437 811 560 892 singulis
570 811 601 872 in
615 810 772 873 Austriaca
780 809 988 890 Longobardia
997 809 1103 890 positis
1113 808 1268 870 ordinibus
1278 827 1363 887 regu-

218 912 329 991 laribus
346 909 522 973 efficientur.
542 911 677 989 Cumque
694 909 787 972 Nobis
808 909 1069 991 persuasissimum
1088 910 1127 977 sit
1140 909 1196 988 ipsi
1210 910 1276 971 Sua
1294 909 1364 970 Ma·
1455 922 1458 929 ’

214 1010 317 1089 jestati
333 1010 451 1089 optime,
460 1015 652 1089 perspectum
667 1008 703 1068 iri
717 1015 901 1087 quantopere
918 1007 1034 1070 intersit
1051 1007 1089 1070 ad
1103 1008 1268 1072 firmiorem
1280 1009 1364 1069 utili-

217 1114 311 1171 tatem
320 1107 353 1168 in
369 1111 508 1185 suscepto
526 1104 651 1165 consilio
661 1102 914 1182 consequendam,
929 1109 963 1163 ut
980 1103 1020 1164 ab
1038 1102 1201 1169 Ordinariia
1214 1103 1362 1180 locorum,

218 1205 248 1264 in
266 1204 377 1284 quibus
395 1201 527 1283 predicti
540 1200 660 1262 ordines
671 1199 718 1263 siti
736 1205 807 1261 sunt
818 1205 907 1279 atquo
921 1199 1013 1260 etiam
1026 1199 1065 1261 ab
1077 1199 1149 1279 ipsis
1161 1195 1364 1280 superioribus

217 1301 382 1367 eorundem
395 1299 536 1361 ordinum
553 1316 601 1360 res
613 1315 718 1359 omnes
731 1297 807 1360 scitu
830 1297 1001 1359 necessaria
1012 1296 1107 1359 'antea
1130 1315 1184 1376 per
1206 1303 1237 1357 te
1256 1296 1366 1376 exqui-

217 1406 333 1474 rantur,
348 1396 463 1477 tibique
479 1398 517 1458 ab
535 1396 642 1458 iisdem
661 1415 781 1458 summa
795 1395 855 1456 fide
870 1395 1048 1473 referantur,
1064 1401 1095 1464 te
1108 1395 1194 1456 valde
1207 1394 1365 1455 hortamur

202 1496 256 1556 ad
276 1497 355 1557 banc
375 1496 467 1557 etiam
482 1494 667 1574 diligentiam
689 1492 889 1555 adhibendam
912 1515 919 1552 :
943 1491 1108 1572 praesertim
1126 1510 1197 1558 oum
1216 1490 1365 1568 Majestati

171 1671 174 1684 Ι
217 1595 284 1654 Sue
302 1593 376 1654 nihil
397 1592 511 1672 gratius
534 1592 598 1653 fore
620 1591 781 1666 ducamus,
796 1609 889 1671 quam
910 1597 943 1652 ut
961 1590 1086 1652 veritate
1108 1589 1211 1652 sedulo
1232 1590 1362 1667 cognita,

217 1696 308 1770 atque
328 1690 492 1769 explorata,
507 1708 550 1750 eae
571 1688 696 1750 demum
715 1687 847 1750 rationes
863 1686 988 1749 stabiliri
1004 1687 1135 1767 possint,
1150 1706 1216 1767 quae
1235 1705 1312 1747 verae
1335 1693 1367 1746 et

195 1773 198 1781 '
218 1801 422 1863 permansura
435 1782 571 1844 utilitatis
592 1782 770 1863 plenissimae
789 1783 865 1858 sint,
886 1790 916 1844 et
940 1783 978 1843 ab
1001 1784 1062 1849 ullo
1085 1783 1204 1845 errandi
1229 1782 1366 1862 periculo

218 1880 435 1940 remotissima.
453 1881 523 1952 Qua
544 1898 563 1939 a
583 1883 613 1938 te
627 1878 708 1939 hune
728 1877 759 1938 in
772 1877 898 1945 modum
911 1876 1077 1938 eorundem
1096 1878 1313 1953 emolumento,
1333 1883 1363 1936 et

218 1975 402 2054 populorum
415 1973 576 2034 commodo
588 1991 654 2033 esse
666 1972 752 2033 facile
766 1978 919 2051 poterunt,
930 1979 960 2033 et
968 1972 1024 2033 illae
1034 1973 1186 2035 redituum
1199 1953 1364 2055 portiones,

218 2089 295 2150 quas
313 2070 351 2130 ab
374 2067 528 2130 ordinibus
543 2069 729 2148 regularibus
747 2069 975 2149 disjungendas,
997 2077 1086 2151 atque
1109 2072 1284 2135 adimendas
1303 2090 1368 2133 esse

217 2165 367 2246 judicabis
387 2164 636 2241 convenientem,
657 2182 693 2225 ao
710 2164 860 2226 bonorum
873 2166 1146 2232 ecclesiastieorum
1168 2168 1276 2230 rationi
1291 2186 1368 2229 eon-

220 2270 397 2324 sentaneum
421 2280 509 2322 usum
534 2259 754 2342 consequentur
781 2286 787 2322 ι
813 2264 915 2324 omnia
940 2263 1069 2344 denique
1087 2265 1179 2327 saeris
1201 2265 1369 2325 canonibus

221 2366 398 2440 congruent,
412 2358 527 2438 piisque
536 2358 700 2436 Maiestatis
713 2360 778 2421 Suae
791 2361 869 2420 votis
878 2378 913 2420 ao
928 2368 1036 2422 nostrae
1048 2361 1121 2423 item
1135 2360 1280 2421 voluntati
1292 2378 1369 2424 con-

220 2458 359 2520 sentient.
370 2459 477 2536 Ingens
486 2456 554 2517 inde
566 2464 676 2517 nostrae
685 2474 756 2534 erga
764 2464 794 2516 te
804 2455 1015 2517 benevolentia
1024 2456 1076 2518 fiet
1088 2456 1230 2531 aooessio,
1242 2456 1272 2515 in
1283 2456 1369 2533 eujus

222 2560 432 2634 argumentum
442 2552 639 2633 apostolicam
648 2550 889 2613 benedictionem
899 2551 1088 2613 Fraternitati
1105 2559 1163 2612 tuae
1179 2558 1369 2631 peramanter

223 2650 423 2731 impertimur.
445 2652 557 2711 norum
577 2655 610 2709 in
628 2651 705 2710 Arce
729 2649 905 2727 (landulphi
919 2650 1101 2710 albonensis
1122 2651 1367 2718 Diocaesarea,

221 2749 271 2807 die
291 2759 322 2807 tt
337 2748 462 2825 octobris
485 2758 572 2822 1772,
583 2749 775 2823 pontificatus
786 2751 882 2807 nostri
894 2765 971 2806 anno
987 2754 1105 2825 quarto.

727 2982 861 3052 CCVlll.

473 3141 645 3183 CARlSSIMAE
668 3140 703 3181 ln
726 3141 860 3183 cnnlsao
882 3144 975 3184 FILIAE
997 3142 1121 3184 NOSTRAE

270 3245 409 3305 MARIAE
429 3244 628 3306 THERFSIAE
647 3244 862 3306 Hunorum
880 3245 1038 3306 REGINAE
1058 3243 1319 3314 APOSTOL10AE‚

488 3360 614 3409 necnon
629 3362 783 3410 masura
799 3364 926 3412 nusum
943 3363 1101 3421 rmusrm,

405 3469 438 3514 m
452 3467 653 3515 nournonun
668 3467 905 3515 mruarrmoan
922 3467 1049 3514 aurora
1062 3467 1185 3526 arnon,

536 3568 769 3648 CLEMENS
797 3571 925 3647 PAPA
953 3569 1059 3647 XlV.

790 3723 850 3767 Aroe
864 3718 1001 3781 Gandolpbi
1014 3719 1052 3768 die
1064 3723 1094 3767 24
1106 3719 1211 3768 octobris
1225 3722 1292 3767 1772.

269 3829 450 3895 Carissimo,
465 3832 521 3885 ete.
533 3822 675 3885 Dedimus
685 3823 724 3885 ad
732 3820 939 3885 venerabilem
951 3821 1087 3880 Fratrem
1096 3817 1260 3884 Antonium
1271 3818 1372 3894 Euge-

230 3922 316 3983 nium
331 3920 599 4001 Arobiepiscopum
612 3920 795 4000 Ephesinum
809 3916 999 3982 Ordinarium
1014 3922 1152 3976 nostrum
1166 3914 1247 3995 apud
1266 3913 1372 3989 MaJes-

227 4023 321 4078 tatem
334 4023 418 4079 tuam
434 4016 578 4078 Nuntium
596 4015 643 4075 die
660 4028 693 4075 tr
710 4016 800 4092 hujus
815 4013 925 4076 mensis
935 4011 966 4072 in
978 4011 1076 4072 forma
1089 4009 1191 4070 Brevis
1211 4008 1324 4068 litteras
1340 4007 1372 4068 in

231 4112 340 4192 quibus
353 4115 452 4193 (quod
461 4128 643 4191 magnopere
655 4116 684 4170 te
696 4129 805 4192 cupere
817 4119 906 4191 atque
922 4108 1043 4170 aNobis
1051 4114 1190 4187 expetere
1199 4105 1279 4167 idem
1291 4105 1373 4166 Nun-

229 4209 289 4268 tius
299 4208 533 4288 significaverat)
544 4206 585 4268 illi
600 4215 785 4288 opportunas
805 4228 842 4270 ac
855 4205 1037 4268 necessarias
1055 4204 1212 4265 facultates
1226 4202 1372 4265 concessi-

232 4323 301 4366 mus
311 4304 492 4367 monasteria
504 4303 685 4384 regularium
695 4303 835 4366 ordinum
843 4304 875 4364 in
884 4301 1091 4381 Longobardia
1098 4298 1370 4383 Austriacaposita‚

232 4404 263 4462 in
280 4402 393 4482 aliquot
407 4402 582 4482 ampliores,
598 4407 628 4462 et
644 4420 770 4463 numero
785 4399 932 4462 auctiores
943 4396 1071 4462 familias
1081 4396 1259 4474 redigendo,
1273 4403 1303 4457 et
1320 4415 1373 4456 re-

232 4499 312 4560 ditus
336 4500 599 4572 monasteriorum,
629 4498 676 4578 qui
702 4506 770 4579 post
788 4517 892 4559 omnes
916 4517 987 4559 usus
1007 4495 1170 4558 earundem
1192 4494 1372 4564 familiarum
