<?xml version="1.0" encoding="UTF-8"?>
<!DOCTYPE html PUBLIC "-//W3C//DTD XHTML 1.0 Transitional//EN"
    "http://www.w3.org/TR/xhtml1/DTD/xhtml1-transitional.dtd">
<html xmlns="http://www.w3.org/1999/xhtml" xml:lang="en" lang="en">
 <head>
  <title>
</title>
<meta http-equiv="Content-Type" content="text/html;charset=utf-8" />
  <meta name='ocr-system' content='tesseract 3.04.00' />
  <meta name='ocr-capabilities' content='ocr_page ocr_carea ocr_par ocr_line ocrx_word'/>
</head>
<body>
  <div class='ocr_page' id='page_1' title='image "./clementisxivpon00clemgoog_0228.png"; bbox 0 0 3188 5414; ppageno 0'>
   <div class='ocr_carea' id='block_1_1' title="bbox 476 467 1377 568">
    <p class='ocr_par' dir='ltr' id='par_1_1' title="bbox 476 467 1377 568">
     <span class='ocr_line' id='line_1_1' title="bbox 476 467 1377 568; baseline 0.01 -10"><span class='ocrx_word' id='word_1_1' title='bbox 476 467 662 560; x_wconf 75' lang='lat' dir='ltr'>aersronn</span> <span class='ocrx_word' id='word_1_2' title='bbox 676 506 722 559; x_wconf 80' lang='lat' dir='ltr'>nr</span> <span class='ocrx_word' id='word_1_3' title='bbox 741 507 875 560; x_wconf 80' lang='lat' dir='ltr'>aarum</span> <span class='ocrx_word' id='word_1_4' title='bbox 895 505 1131 564; x_wconf 74' lang='lat' dir='ltr'>sarnanum.</span> <span class='ocrx_word' id='word_1_5' title='bbox 1322 517 1377 568; x_wconf 76' lang='lat' dir='ltr'>ror</span> 
     </span>
    </p>
   </div>
   <div class='ocr_carea' id='block_1_2' title="bbox 170 602 1449 3701">
    <p class='ocr_par' dir='ltr' id='par_1_2' title="bbox 170 602 1449 3701">
     <span class='ocr_line' id='line_1_2' title="bbox 225 602 1377 695; baseline 0.01 -27"><span class='ocrx_word' id='word_1_6' title='bbox 225 602 272 669; x_wconf 80' lang='lat' dir='ltr'>ter</span> <span class='ocrx_word' id='word_1_7' title='bbox 286 604 418 689; x_wconf 86' lang='lat' dir='ltr'>perstare</span> <span class='ocrx_word' id='word_1_8' title='bbox 435 615 464 670; x_wconf 87' lang='lat' dir='ltr'>te</span> <span class='ocrx_word' id='word_1_9' title='bbox 475 616 613 690; x_wconf 77' lang='lat' dir='ltr'>oportere</span> <span class='ocrx_word' id='word_1_10' title='bbox 623 611 812 690; x_wconf 87' lang='lat' dir='ltr'>judicamus,</span> <span class='ocrx_word' id='word_1_11' title='bbox 831 630 892 691; x_wconf 91' lang='lat' dir='ltr'>quo</span> <span class='ocrx_word' id='word_1_12' title='bbox 909 611 1009 673; x_wconf 87' lang='lat' dir='ltr'>divina</span> <span class='ocrx_word' id='word_1_13' title='bbox 1023 615 1177 676; x_wconf 82' lang='lat' dir='ltr'>voluntate</span> <span class='ocrx_word' id='word_1_14' title='bbox 1196 617 1377 695; x_wconf 87' lang='lat' dir='ltr'>jampridem</span> 
     </span>
     <span class='ocr_line' id='line_1_3' title="bbox 212 706 1378 790; baseline 0.008 -24"><span class='ocrx_word' id='word_1_15' title='bbox 212 706 408 767; x_wconf 66' lang='lat' dir='ltr'>‚constitutus</span> <span class='ocrx_word' id='word_1_16' title='bbox 420 724 469 784; x_wconf 88' lang='lat' dir='ltr'>es,</span> <span class='ocrx_word' id='word_1_17' title='bbox 484 725 581 787; x_wconf 89' lang='lat' dir='ltr'>neque</span> <span class='ocrx_word' id='word_1_18' title='bbox 593 714 656 768; x_wconf 84' lang='lat' dir='ltr'>iam</span> <span class='ocrx_word' id='word_1_19' title='bbox 667 709 706 769; x_wconf 90' lang='lat' dir='ltr'>ad</span> <span class='ocrx_word' id='word_1_20' title='bbox 716 707 922 770; x_wconf 85' lang='lat' dir='ltr'>infirmitatem</span> <span class='ocrx_word' id='word_1_21' title='bbox 932 716 1017 771; x_wconf 89' lang='lat' dir='ltr'>tuam</span> <span class='ocrx_word' id='word_1_22' title='bbox 1028 730 1122 790; x_wconf 85' lang='lat' dir='ltr'>quam</span> <span class='ocrx_word' id='word_1_23' title='bbox 1136 711 1175 773; x_wconf 91' lang='lat' dir='ltr'>ad</span> <span class='ocrx_word' id='word_1_24' title='bbox 1186 714 1258 773; x_wconf 85' lang='lat' dir='ltr'>Jesu</span> <span class='ocrx_word' id='word_1_25' title='bbox 1270 713 1378 774; x_wconf 85' lang='lat' dir='ltr'>Cbristi</span> 
     </span>
     <span class='ocr_line' id='line_1_4' title="bbox 199 806 1377 892; baseline 0.005 -27"><span class='ocrx_word' id='word_1_26' title='bbox 199 812 202 816; x_wconf 78' lang='grc'>’</span> <span class='ocrx_word' id='word_1_27' title='bbox 225 823 315 886; x_wconf 87' lang='lat' dir='ltr'>opem</span> <span class='ocrx_word' id='word_1_28' title='bbox 329 806 561 888; x_wconf 73' lang='lat' dir='ltr'>praesidiumque</span> <span class='ocrx_word' id='word_1_29' title='bbox 570 809 735 888; x_wconf 88' lang='lat' dir='ltr'>respicere,</span> <span class='ocrx_word' id='word_1_30' title='bbox 758 807 822 888; x_wconf 91' lang='lat' dir='ltr'>qui,</span> <span class='ocrx_word' id='word_1_31' title='bbox 836 826 908 870; x_wconf 91' lang='lat' dir='ltr'>cum</span> <span class='ocrx_word' id='word_1_32' title='bbox 925 808 956 869; x_wconf 93' lang='lat' dir='ltr'>in</span> <span class='ocrx_word' id='word_1_33' title='bbox 971 827 1008 870; x_wconf 89' lang='lat' dir='ltr'>co</span> <span class='ocrx_word' id='word_1_34' title='bbox 1027 829 1095 889; x_wconf 88' lang='lat' dir='ltr'>spes</span> <span class='ocrx_word' id='word_1_35' title='bbox 1113 815 1182 871; x_wconf 83' lang='lat' dir='ltr'>tuas</span> <span class='ocrx_word' id='word_1_36' title='bbox 1194 810 1329 892; x_wconf 84' lang='lat' dir='ltr'>posueris</span> <span class='ocrx_word' id='word_1_37' title='bbox 1347 819 1377 872; x_wconf 88' lang='lat' dir='ltr'>et</span> 
     </span>
     <span class='ocr_line' id='line_1_5' title="bbox 223 906 1377 987; baseline 0.003 -21"><span class='ocrx_word' id='word_1_38' title='bbox 223 906 311 982; x_wconf 83' lang='lat' dir='ltr'>vires,</span> <span class='ocrx_word' id='word_1_39' title='bbox 323 906 347 967; x_wconf 95' lang='lat' dir='ltr'>si</span> <span class='ocrx_word' id='word_1_40' title='bbox 364 924 485 968; x_wconf 87' lang='lat' dir='ltr'>necesse</span> <span class='ocrx_word' id='word_1_41' title='bbox 498 907 570 986; x_wconf 88' lang='lat' dir='ltr'>erit,</span> <span class='ocrx_word' id='word_1_42' title='bbox 587 908 712 985; x_wconf 77' lang='lat' dir='ltr'>tribuet,</span> <span class='ocrx_word' id='word_1_43' title='bbox 722 913 755 968; x_wconf 90' lang='lat' dir='ltr'>et</span> <span class='ocrx_word' id='word_1_44' title='bbox 765 906 1081 987; x_wconf 79' lang='lat' dir='ltr'>qumoptimasuntad</span> <span class='ocrx_word' id='word_1_45' title='bbox 1093 907 1243 987; x_wconf 77' lang='lat' dir='ltr'>agendum</span> <span class='ocrx_word' id='word_1_46' title='bbox 1254 908 1377 970; x_wconf 87' lang='lat' dir='ltr'>consilia</span> 
     </span>
     <span class='ocr_line' id='line_1_6' title="bbox 222 1000 1375 1085; baseline -0.001 -20"><span class='ocrx_word' id='word_1_47' title='bbox 222 1004 436 1084; x_wconf 74' lang='lat' dir='ltr'>suppeditabit.</span> <span class='ocrx_word' id='word_1_48' title='bbox 451 1007 650 1085; x_wconf 78' lang='lat' dir='ltr'>Quapropter,</span> <span class='ocrx_word' id='word_1_49' title='bbox 664 1002 849 1065; x_wconf 83' lang='lat' dir='ltr'>Venerabilis</span> <span class='ocrx_word' id='word_1_50' title='bbox 860 1003 975 1079; x_wconf 81' lang='lat' dir='ltr'>Frater,</span> <span class='ocrx_word' id='word_1_51' title='bbox 996 1001 1144 1063; x_wconf 88' lang='lat' dir='ltr'>confirma</span> <span class='ocrx_word' id='word_1_52' title='bbox 1153 1008 1184 1062; x_wconf 90' lang='lat' dir='ltr'>te</span> <span class='ocrx_word' id='word_1_53' title='bbox 1193 1000 1226 1062; x_wconf 92' lang='lat' dir='ltr'>in</span> <span class='ocrx_word' id='word_1_54' title='bbox 1236 1002 1375 1080; x_wconf 89' lang='lat' dir='ltr'>Domino,</span> 
     </span>
     <span class='ocr_line' id='line_1_7' title="bbox 170 1098 1374 1186; baseline -0.002 -22"><span class='ocrx_word' id='word_1_55' title='bbox 170 1123 173 1126; x_wconf 85' lang='lat'>·</span> <span class='ocrx_word' id='word_1_56' title='bbox 223 1105 366 1186; x_wconf 84' lang='lat' dir='ltr'>omnique</span> <span class='ocrx_word' id='word_1_57' title='bbox 380 1104 432 1166; x_wconf 89' lang='lat' dir='ltr'>otii</span> <span class='ocrx_word' id='word_1_58' title='bbox 457 1123 493 1166; x_wconf 89' lang='lat' dir='ltr'>ao</span> <span class='ocrx_word' id='word_1_59' title='bbox 515 1102 681 1164; x_wconf 85' lang='lat' dir='ltr'>vocationis</span> <span class='ocrx_word' id='word_1_60' title='bbox 696 1100 855 1162; x_wconf 87' lang='lat' dir='ltr'>interdicto</span> <span class='ocrx_word' id='word_1_61' title='bbox 875 1098 1022 1160; x_wconf 89' lang='lat' dir='ltr'>desiderio</span> <span class='ocrx_word' id='word_1_62' title='bbox 1043 1099 1211 1169; x_wconf 83' lang='lat' dir='ltr'>Ecclesiam</span> <span class='ocrx_word' id='word_1_63' title='bbox 1231 1118 1374 1179; x_wconf 90' lang='lat' dir='ltr'>sponsam</span> 
     </span>
     <span class='ocr_line' id='line_1_8' title="bbox 222 1197 1376 1281; baseline -0.001 -20"><span class='ocrx_word' id='word_1_64' title='bbox 222 1209 324 1280; x_wconf 87' lang='lat' dir='ltr'>tuam,</span> <span class='ocrx_word' id='word_1_65' title='bbox 344 1203 431 1281; x_wconf 78' lang='lat' dir='ltr'>qu&#39;us</span> <span class='ocrx_word' id='word_1_66' title='bbox 444 1201 475 1262; x_wconf 87' lang='lat' dir='ltr'>in</span> <span class='ocrx_word' id='word_1_67' title='bbox 491 1213 594 1262; x_wconf 87' lang='lat' dir='ltr'>amore</span> <span class='ocrx_word' id='word_1_68' title='bbox 618 1197 829 1276; x_wconf 78' lang='lat' dir='ltr'>consenuisti,</span> <span class='ocrx_word' id='word_1_69' title='bbox 842 1217 879 1260; x_wconf 87' lang='lat' dir='ltr'>ne</span> <span class='ocrx_word' id='word_1_70' title='bbox 898 1198 1012 1273; x_wconf 86' lang='lat' dir='ltr'>desere,</span> <span class='ocrx_word' id='word_1_71' title='bbox 1026 1216 1099 1277; x_wconf 86' lang='lat' dir='ltr'>urge</span> <span class='ocrx_word' id='word_1_72' title='bbox 1121 1216 1208 1278; x_wconf 89' lang='lat' dir='ltr'>opus,</span> <span class='ocrx_word' id='word_1_73' title='bbox 1228 1198 1312 1279; x_wconf 91' lang='lat' dir='ltr'>quod</span> <span class='ocrx_word' id='word_1_74' title='bbox 1333 1199 1376 1260; x_wconf 91' lang='lat' dir='ltr'>ita</span> 
     </span>
     <span class='ocr_line' id='line_1_9' title="bbox 221 1293 1375 1378; baseline -0.001 -21"><span class='ocrx_word' id='word_1_75' title='bbox 221 1297 274 1358; x_wconf 83' lang='lat' dir='ltr'>tibi</span> <span class='ocrx_word' id='word_1_76' title='bbox 297 1316 315 1358; x_wconf 90' lang='lat' dir='ltr'>a</span> <span class='ocrx_word' id='word_1_77' title='bbox 332 1301 394 1359; x_wconf 87' lang='lat' dir='ltr'>Deo</span> <span class='ocrx_word' id='word_1_78' title='bbox 414 1297 611 1359; x_wconf 87' lang='lat' dir='ltr'>commissum</span> <span class='ocrx_word' id='word_1_79' title='bbox 630 1295 704 1372; x_wconf 84' lang='lat' dir='ltr'>fuit,</span> <span class='ocrx_word' id='word_1_80' title='bbox 717 1301 752 1356; x_wconf 90' lang='lat' dir='ltr'>ut</span> <span class='ocrx_word' id='word_1_81' title='bbox 766 1293 853 1356; x_wconf 84' lang='lat' dir='ltr'>abeo</span> <span class='ocrx_word' id='word_1_82' title='bbox 864 1312 1032 1375; x_wconf 87' lang='lat' dir='ltr'>numquam</span> <span class='ocrx_word' id='word_1_83' title='bbox 1051 1293 1169 1371; x_wconf 86' lang='lat' dir='ltr'>divelli,</span> <span class='ocrx_word' id='word_1_84' title='bbox 1185 1293 1238 1357; x_wconf 88' lang='lat' dir='ltr'>sed</span> <span class='ocrx_word' id='word_1_85' title='bbox 1255 1294 1375 1378; x_wconf 85' lang='lat' dir='ltr'>immori</span> 
     </span>
     <span class='ocr_line' id='line_1_10' title="bbox 222 1391 1376 1473; baseline 0.002 -21"><span class='ocrx_word' id='word_1_86' title='bbox 222 1395 347 1456; x_wconf 83' lang='lat' dir='ltr'>deberes</span> <span class='ocrx_word' id='word_1_87' title='bbox 364 1419 371 1456; x_wconf 91' lang='lat'>:</span> <span class='ocrx_word' id='word_1_88' title='bbox 387 1396 459 1456; x_wconf 92' lang='lat' dir='ltr'>illuc</span> <span class='ocrx_word' id='word_1_89' title='bbox 474 1392 566 1456; x_wconf 87' lang='lat' dir='ltr'>animi</span> <span class='ocrx_word' id='word_1_90' title='bbox 579 1393 655 1456; x_wconf 88' lang='lat' dir='ltr'>vires</span> <span class='ocrx_word' id='word_1_91' title='bbox 669 1391 828 1470; x_wconf 83' lang='lat' dir='ltr'>contende,</span> <span class='ocrx_word' id='word_1_92' title='bbox 849 1401 883 1455; x_wconf 89' lang='lat' dir='ltr'>ut</span> <span class='ocrx_word' id='word_1_93' title='bbox 899 1394 965 1472; x_wconf 88' lang='lat' dir='ltr'>ejus</span> <span class='ocrx_word' id='word_1_94' title='bbox 983 1392 1095 1472; x_wconf 80' lang='lat' dir='ltr'>gloria,</span> <span class='ocrx_word' id='word_1_95' title='bbox 1107 1412 1201 1473; x_wconf 89' lang='lat' dir='ltr'>quam</span> <span class='ocrx_word' id='word_1_96' title='bbox 1216 1394 1376 1473; x_wconf 85' lang='lat' dir='ltr'>superiori-</span> 
     </span>
     <span class='ocr_line' id='line_1_11' title="bbox 221 1488 1377 1568; baseline 0.001 -18"><span class='ocrx_word' id='word_1_97' title='bbox 221 1490 278 1553; x_wconf 91' lang='lat' dir='ltr'>bus</span> <span class='ocrx_word' id='word_1_98' title='bbox 299 1493 384 1554; x_wconf 87' lang='lat' dir='ltr'>annis</span> <span class='ocrx_word' id='word_1_99' title='bbox 395 1498 584 1554; x_wconf 89' lang='lat' dir='ltr'>consectatus</span> <span class='ocrx_word' id='word_1_100' title='bbox 597 1506 645 1567; x_wconf 88' lang='lat' dir='ltr'>es,</span> <span class='ocrx_word' id='word_1_101' title='bbox 658 1490 777 1552; x_wconf 86' lang='lat' dir='ltr'>insistas</span> <span class='ocrx_word' id='word_1_102' title='bbox 795 1489 888 1552; x_wconf 82' lang='lat' dir='ltr'>etiam</span> <span class='ocrx_word' id='word_1_103' title='bbox 910 1506 1017 1566; x_wconf 82' lang='lat' dir='ltr'>senex,</span> <span class='ocrx_word' id='word_1_104' title='bbox 1031 1488 1157 1568; x_wconf 81' lang='lat' dir='ltr'>vitaque</span> <span class='ocrx_word' id='word_1_105' title='bbox 1173 1495 1232 1550; x_wconf 83' lang='lat' dir='ltr'>tuae</span> <span class='ocrx_word' id='word_1_106' title='bbox 1245 1488 1377 1551; x_wconf 79' lang='lat' dir='ltr'>rationes</span> 
     </span>
     <span class='ocr_line' id='line_1_12' title="bbox 220 1584 1375 1670; baseline -0.002 -22"><span class='ocrx_word' id='word_1_107' title='bbox 220 1589 521 1666; x_wconf 74' lang='lat' dir='ltr'>omnes‘animarum,</span> <span class='ocrx_word' id='word_1_108' title='bbox 540 1605 618 1670; x_wconf 86' lang='lat' dir='ltr'>quas</span> <span class='ocrx_word' id='word_1_109' title='bbox 631 1587 757 1650; x_wconf 83' lang='lat' dir='ltr'>tuendas</span> <span class='ocrx_word' id='word_1_110' title='bbox 777 1585 935 1666; x_wconf 85' lang='lat' dir='ltr'>suscepisti</span> <span class='ocrx_word' id='word_1_111' title='bbox 950 1585 1037 1647; x_wconf 82' lang='lat' dir='ltr'>satuti</span> <span class='ocrx_word' id='word_1_112' title='bbox 1056 1584 1240 1667; x_wconf 85' lang='lat' dir='ltr'>posthabens</span> <span class='ocrx_word' id='word_1_113' title='bbox 1260 1585 1375 1649; x_wconf 90' lang='lat' dir='ltr'>bonum</span> 
     </span>
     <span class='ocr_line' id='line_1_13' title="bbox 220 1681 1374 1767; baseline -0.003 -21"><span class='ocrx_word' id='word_1_114' title='bbox 220 1693 373 1746; x_wconf 87' lang='lat' dir='ltr'>certamen</span> <span class='ocrx_word' id='word_1_115' title='bbox 388 1706 482 1767; x_wconf 87' lang='lat' dir='ltr'>usque</span> <span class='ocrx_word' id='word_1_116' title='bbox 497 1686 535 1748; x_wconf 87' lang='lat' dir='ltr'>ad</span> <span class='ocrx_word' id='word_1_117' title='bbox 546 1705 653 1748; x_wconf 91' lang='lat' dir='ltr'>cursus</span> <span class='ocrx_word' id='word_1_118' title='bbox 667 1683 962 1747; x_wconf 81' lang='lat' dir='ltr'>consummationem</span> <span class='ocrx_word' id='word_1_119' title='bbox 973 1690 1080 1759; x_wconf 82' lang='lat' dir='ltr'>certes,</span> <span class='ocrx_word' id='word_1_120' title='bbox 1095 1681 1212 1763; x_wconf 88' lang='lat' dir='ltr'>tuisque</span> <span class='ocrx_word' id='word_1_121' title='bbox 1223 1681 1327 1760; x_wconf 87' lang='lat' dir='ltr'>fidem,</span> <span class='ocrx_word' id='word_1_122' title='bbox 1339 1702 1374 1743; x_wconf 87' lang='lat' dir='ltr'>ac</span> 
     </span>
     <span class='ocr_line' id='line_1_14' title="bbox 221 1778 1376 1864; baseline 0 -23"><span class='ocrx_word' id='word_1_123' title='bbox 221 1780 282 1842; x_wconf 89' lang='lat' dir='ltr'>Deo</span> <span class='ocrx_word' id='word_1_124' title='bbox 300 1782 414 1862; x_wconf 88' lang='lat' dir='ltr'>pariter</span> <span class='ocrx_word' id='word_1_125' title='bbox 435 1783 477 1844; x_wconf 89' lang='lat' dir='ltr'>ita</span> <span class='ocrx_word' id='word_1_126' title='bbox 492 1802 607 1861; x_wconf 91' lang='lat' dir='ltr'>serves,</span> <span class='ocrx_word' id='word_1_127' title='bbox 624 1789 658 1844; x_wconf 92' lang='lat' dir='ltr'>ut</span> <span class='ocrx_word' id='word_1_128' title='bbox 671 1801 743 1864; x_wconf 89' lang='lat' dir='ltr'>eum</span> <span class='ocrx_word' id='word_1_129' title='bbox 756 1780 934 1843; x_wconf 85' lang='lat' dir='ltr'>Beatissimo</span> <span class='ocrx_word' id='word_1_130' title='bbox 954 1779 1064 1855; x_wconf 88' lang='lat' dir='ltr'>Paulo,</span> <span class='ocrx_word' id='word_1_131' title='bbox 1085 1778 1246 1860; x_wconf 75' lang='lat' dir='ltr'>precipere</span> <span class='ocrx_word' id='word_1_132' title='bbox 1273 1779 1376 1841; x_wconf 83' lang='lat' dir='ltr'>animo</span> 
     </span>
     <span class='ocr_line' id='line_1_15' title="bbox 220 1875 1375 1960; baseline -0.003 -22"><span class='ocrx_word' id='word_1_133' title='bbox 220 1879 317 1957; x_wconf 91' lang='lat' dir='ltr'>possis</span> <span class='ocrx_word' id='word_1_134' title='bbox 339 1879 502 1960; x_wconf 85' lang='lat' dir='ltr'>repositam</span> <span class='ocrx_word' id='word_1_135' title='bbox 520 1880 574 1940; x_wconf 87' lang='lat' dir='ltr'>tibi</span> <span class='ocrx_word' id='word_1_136' title='bbox 599 1897 743 1947; x_wconf 85' lang='lat' dir='ltr'>coronam</span> <span class='ocrx_word' id='word_1_137' title='bbox 762 1876 895 1956; x_wconf 81' lang='lat' dir='ltr'>justitia,</span> <span class='ocrx_word' id='word_1_138' title='bbox 916 1895 1009 1957; x_wconf 88' lang='lat' dir='ltr'>quam</span> <span class='ocrx_word' id='word_1_139' title='bbox 1031 1875 1136 1937; x_wconf 88' lang='lat' dir='ltr'>reddet</span> <span class='ocrx_word' id='word_1_140' title='bbox 1156 1875 1209 1938; x_wconf 87' lang='lat' dir='ltr'>tibi</span> <span class='ocrx_word' id='word_1_141' title='bbox 1228 1875 1375 1947; x_wconf 81' lang='lat' dir='ltr'>Dominus</span> 
     </span>
     <span class='ocr_line' id='line_1_16' title="bbox 219 1966 1373 2052; baseline -0.001 -20"><span class='ocrx_word' id='word_1_142' title='bbox 219 1973 251 2032; x_wconf 92' lang='lat' dir='ltr'>in</span> <span class='ocrx_word' id='word_1_143' title='bbox 268 1973 318 2034; x_wconf 88' lang='lat' dir='ltr'>illa</span> <span class='ocrx_word' id='word_1_144' title='bbox 334 1973 381 2035; x_wconf 88' lang='lat' dir='ltr'>die</span> <span class='ocrx_word' id='word_1_145' title='bbox 394 1975 493 2051; x_wconf 86' lang='lat' dir='ltr'>justus</span> <span class='ocrx_word' id='word_1_146' title='bbox 501 2029 503 2033; x_wconf 80' lang='grc'>,</span> <span class='ocrx_word' id='word_1_147' title='bbox 506 1974 610 2052; x_wconf 84' lang='lat' dir='ltr'>judex.</span> <span class='ocrx_word' id='word_1_148' title='bbox 631 1975 696 2035; x_wconf 86' lang='lat' dir='ltr'>Hoc</span> <span class='ocrx_word' id='word_1_149' title='bbox 708 1977 903 2041; x_wconf 87' lang='lat' dir='ltr'>nostrumest</span> <span class='ocrx_word' id='word_1_150' title='bbox 915 1970 953 2032; x_wconf 91' lang='lat' dir='ltr'>de</span> <span class='ocrx_word' id='word_1_151' title='bbox 969 1971 1123 2050; x_wconf 87' lang='lat' dir='ltr'>postulato</span> <span class='ocrx_word' id='word_1_152' title='bbox 1141 1977 1194 2032; x_wconf 89' lang='lat' dir='ltr'>tuo</span> <span class='ocrx_word' id='word_1_153' title='bbox 1207 1966 1373 2048; x_wconf 84' lang='lat' dir='ltr'>judicium,</span> 
     </span>
     <span class='ocr_line' id='line_1_17' title="bbox 219 2065 1376 2150; baseline 0.001 -23"><span class='ocrx_word' id='word_1_154' title='bbox 219 2068 405 2130; x_wconf 89' lang='lat' dir='ltr'>Venerabilis</span> <span class='ocrx_word' id='word_1_155' title='bbox 416 2071 530 2130; x_wconf 84' lang='lat' dir='ltr'>Frater.</span> <span class='ocrx_word' id='word_1_156' title='bbox 546 2070 616 2144; x_wconf 85' lang='lat' dir='ltr'>Quae</span> <span class='ocrx_word' id='word_1_157' title='bbox 633 2067 671 2130; x_wconf 87' lang='lat' dir='ltr'>ad</span> <span class='ocrx_word' id='word_1_158' title='bbox 683 2067 890 2150; x_wconf 84' lang='lat' dir='ltr'>episcopatum</span> <span class='ocrx_word' id='word_1_159' title='bbox 905 2085 967 2128; x_wconf 91' lang='lat' dir='ltr'>non</span> <span class='ocrx_word' id='word_1_160' title='bbox 981 2065 1207 2147; x_wconf 89' lang='lat' dir='ltr'>suscipiendum</span> <span class='ocrx_word' id='word_1_161' title='bbox 1220 2067 1376 2129; x_wconf 76' lang='lat' dir='ltr'>imbecilli-</span> 
     </span>
     <span class='ocr_line' id='line_1_18' title="bbox 218 2161 1449 2247; baseline 0.002 -22"><span class='ocrx_word' id='word_1_162' title='bbox 218 2165 288 2226; x_wconf 88' lang='lat' dir='ltr'>tatis</span> <span class='ocrx_word' id='word_1_163' title='bbox 306 2168 405 2228; x_wconf 87' lang='lat' dir='ltr'>valere</span> <span class='ocrx_word' id='word_1_164' title='bbox 418 2166 496 2228; x_wconf 90' lang='lat' dir='ltr'>ratio</span> <span class='ocrx_word' id='word_1_165' title='bbox 514 2172 632 2247; x_wconf 88' lang='lat' dir='ltr'>posset,</span> <span class='ocrx_word' id='word_1_166' title='bbox 644 2164 759 2226; x_wconf 87' lang='lat' dir='ltr'>eadem</span> <span class='ocrx_word' id='word_1_167' title='bbox 773 2161 811 2226; x_wconf 89' lang='lat' dir='ltr'>ad</span> <span class='ocrx_word' id='word_1_168' title='bbox 829 2161 1042 2226; x_wconf 79' lang='lat' dir='ltr'>dimittendum</span> <span class='ocrx_word' id='word_1_169' title='bbox 1064 2165 1137 2227; x_wconf 86' lang='lat' dir='ltr'>satis</span> <span class='ocrx_word' id='word_1_170' title='bbox 1156 2183 1222 2227; x_wconf 88' lang='lat' dir='ltr'>esse</span> <span class='ocrx_word' id='word_1_171' title='bbox 1244 2185 1306 2227; x_wconf 91' lang='lat' dir='ltr'>non</span> <span class='ocrx_word' id='word_1_172' title='bbox 1329 2167 1375 2227; x_wconf 84' lang='lat' dir='ltr'>vi·</span> <span class='ocrx_word' id='word_1_173' title='bbox 1446 2194 1449 2200; x_wconf 59' lang='lat'><strong><em>¹</em></strong></span> 
     </span>
     <span class='ocr_line' id='line_1_19' title="bbox 206 2259 1374 2343; baseline 0.001 -21"><span class='ocrx_word' id='word_1_174' title='bbox 206 2263 317 2341; x_wconf 88' lang='lat' dir='ltr'>detur,</span> <span class='ocrx_word' id='word_1_175' title='bbox 338 2283 410 2326; x_wconf 89' lang='lat' dir='ltr'>cum</span> <span class='ocrx_word' id='word_1_176' title='bbox 432 2264 526 2325; x_wconf 81' lang='lat' dir='ltr'>deco</span> <span class='ocrx_word' id='word_1_177' title='bbox 541 2261 706 2343; x_wconf 76' lang='lat' dir='ltr'>prasertim</span> <span class='ocrx_word' id='word_1_178' title='bbox 727 2265 843 2340; x_wconf 80' lang='lat' dir='ltr'>agatur,</span> <span class='ocrx_word' id='word_1_179' title='bbox 861 2259 914 2339; x_wconf 92' lang='lat' dir='ltr'>qui</span> <span class='ocrx_word' id='word_1_180' title='bbox 934 2266 1091 2340; x_wconf 86' lang='lat' dir='ltr'>tamquam</span> <span class='ocrx_word' id='word_1_181' title='bbox 1111 2267 1197 2322; x_wconf 89' lang='lat' dir='ltr'>vetus</span> <span class='ocrx_word' id='word_1_182' title='bbox 1217 2260 1248 2321; x_wconf 92' lang='lat' dir='ltr'>in</span> <span class='ocrx_word' id='word_1_183' title='bbox 1269 2261 1374 2324; x_wconf 84' lang='lat' dir='ltr'>militia</span> 
     </span>
     <span class='ocr_line' id='line_1_20' title="bbox 218 2358 1373 2444; baseline 0.001 -23"><span class='ocrx_word' id='word_1_184' title='bbox 218 2364 283 2422; x_wconf 85' lang='lat' dir='ltr'>Dux</span> <span class='ocrx_word' id='word_1_185' title='bbox 302 2363 428 2425; x_wconf 85' lang='lat' dir='ltr'>aliorum</span> <span class='ocrx_word' id='word_1_186' title='bbox 442 2378 535 2444; x_wconf 86' lang='lat' dir='ltr'>opera</span> <span class='ocrx_word' id='word_1_187' title='bbox 548 2361 665 2442; x_wconf 81' lang='lat' dir='ltr'>egregie</span> <span class='ocrx_word' id='word_1_188' title='bbox 677 2361 720 2422; x_wconf 92' lang='lat' dir='ltr'>uti</span> <span class='ocrx_word' id='word_1_189' title='bbox 732 2360 769 2421; x_wconf 90' lang='lat' dir='ltr'>ad</span> <span class='ocrx_word' id='word_1_190' title='bbox 784 2377 910 2422; x_wconf 86' lang='lat' dir='ltr'>suorum</span> <span class='ocrx_word' id='word_1_191' title='bbox 925 2359 1071 2437; x_wconf 85' lang='lat' dir='ltr'>salutem,</span> <span class='ocrx_word' id='word_1_192' title='bbox 1084 2358 1123 2420; x_wconf 91' lang='lat' dir='ltr'>ad</span> <span class='ocrx_word' id='word_1_193' title='bbox 1135 2358 1292 2422; x_wconf 87' lang='lat' dir='ltr'>victoriam</span> <span class='ocrx_word' id='word_1_194' title='bbox 1303 2379 1373 2440; x_wconf 90' lang='lat' dir='ltr'>pos·</span> 
     </span>
     <span class='ocr_line' id='line_1_21' title="bbox 217 2457 1374 2541; baseline 0.005 -24"><span class='ocrx_word' id='word_1_195' title='bbox 217 2458 265 2518; x_wconf 84' lang='lat' dir='ltr'>sit.</span> <span class='ocrx_word' id='word_1_196' title='bbox 277 2461 382 2540; x_wconf 87' lang='lat' dir='ltr'>itaquo</span> <span class='ocrx_word' id='word_1_197' title='bbox 395 2459 477 2541; x_wconf 90' lang='lat' dir='ltr'>quod</span> <span class='ocrx_word' id='word_1_198' title='bbox 491 2459 629 2540; x_wconf 85' lang='lat' dir='ltr'>superius</span> <span class='ocrx_word' id='word_1_199' title='bbox 642 2457 784 2536; x_wconf 86' lang='lat' dir='ltr'>diximus,</span> <span class='ocrx_word' id='word_1_200' title='bbox 799 2459 1051 2521; x_wconf 83' lang='lat' dir='ltr'>commendamus</span> <span class='ocrx_word' id='word_1_201' title='bbox 1070 2459 1206 2522; x_wconf 88' lang='lat' dir='ltr'>animum</span> <span class='ocrx_word' id='word_1_202' title='bbox 1218 2463 1374 2540; x_wconf 87' lang='lat' dir='ltr'>postulun-</span> 
     </span>
     <span class='ocr_line' id='line_1_22' title="bbox 218 2552 1373 2637; baseline 0.006 -25"><span class='ocrx_word' id='word_1_203' title='bbox 218 2553 255 2614; x_wconf 88' lang='lat' dir='ltr'>tis</span> <span class='ocrx_word' id='word_1_204' title='bbox 265 2554 357 2634; x_wconf 91' lang='lat' dir='ltr'>idtui,</span> <span class='ocrx_word' id='word_1_205' title='bbox 364 2555 559 2637; x_wconf 87' lang='lat' dir='ltr'>postulationi</span> <span class='ocrx_word' id='word_1_206' title='bbox 571 2561 673 2616; x_wconf 83' lang='lat' dir='ltr'>tamen</span> <span class='ocrx_word' id='word_1_207' title='bbox 680 2570 742 2615; x_wconf 94' lang='lat' dir='ltr'>non</span> <span class='ocrx_word' id='word_1_208' title='bbox 752 2554 944 2616; x_wconf 84' lang='lat' dir='ltr'>assentimur.</span> <span class='ocrx_word' id='word_1_209' title='bbox 954 2556 987 2616; x_wconf 89' lang='lat' dir='ltr'>In</span> <span class='ocrx_word' id='word_1_210' title='bbox 997 2572 1060 2634; x_wconf 90' lang='lat' dir='ltr'>quo</span> <span class='ocrx_word' id='word_1_211' title='bbox 1069 2552 1229 2618; x_wconf 86' lang='lat' dir='ltr'>consilium</span> <span class='ocrx_word' id='word_1_212' title='bbox 1237 2562 1373 2619; x_wconf 87' lang='lat' dir='ltr'>nostrum</span> 
     </span>
     <span class='ocr_line' id='line_1_23' title="bbox 218 2650 1373 2733; baseline 0.005 -23"><span class='ocrx_word' id='word_1_213' title='bbox 218 2650 319 2712; x_wconf 86' lang='lat' dir='ltr'>divina</span> <span class='ocrx_word' id='word_1_214' title='bbox 338 2654 507 2731; x_wconf 81' lang='lat' dir='ltr'>voluntate,</span> <span class='ocrx_word' id='word_1_215' title='bbox 524 2671 562 2714; x_wconf 87' lang='lat' dir='ltr'>ac</span> <span class='ocrx_word' id='word_1_216' title='bbox 576 2651 662 2713; x_wconf 88' lang='lat' dir='ltr'>istius</span> <span class='ocrx_word' id='word_1_217' title='bbox 675 2651 772 2732; x_wconf 79' lang='lat' dir='ltr'>gregis</span> <span class='ocrx_word' id='word_1_218' title='bbox 784 2652 913 2714; x_wconf 82' lang='lat' dir='ltr'>utilitate</span> <span class='ocrx_word' id='word_1_219' title='bbox 934 2651 1089 2731; x_wconf 85' lang='lat' dir='ltr'>metimur,</span> <span class='ocrx_word' id='word_1_220' title='bbox 1104 2659 1300 2733; x_wconf 82' lang='lat' dir='ltr'>nostramque</span> <span class='ocrx_word' id='word_1_221' title='bbox 1311 2673 1373 2716; x_wconf 89' lang='lat' dir='ltr'>ma·</span> 
     </span>
     <span class='ocr_line' id='line_1_24' title="bbox 216 2745 1373 2827; baseline 0.007 -22"><span class='ocrx_word' id='word_1_222' title='bbox 216 2745 273 2824; x_wconf 66' lang='lat' dir='ltr'>p&#39;s,</span> <span class='ocrx_word' id='word_1_223' title='bbox 288 2764 381 2826; x_wconf 88' lang='lat' dir='ltr'>quam</span> <span class='ocrx_word' id='word_1_224' title='bbox 403 2748 450 2827; x_wconf 80' lang='lat' dir='ltr'>agi</span> <span class='ocrx_word' id='word_1_225' title='bbox 470 2765 536 2809; x_wconf 89' lang='lat' dir='ltr'>rem</span> <span class='ocrx_word' id='word_1_226' title='bbox 554 2753 717 2827; x_wconf 85' lang='lat' dir='ltr'>putamus,</span> <span class='ocrx_word' id='word_1_227' title='bbox 741 2767 812 2810; x_wconf 91' lang='lat' dir='ltr'>cum</span> <span class='ocrx_word' id='word_1_228' title='bbox 831 2747 869 2810; x_wconf 88' lang='lat' dir='ltr'>ad</span> <span class='ocrx_word' id='word_1_229' title='bbox 883 2749 944 2811; x_wconf 90' lang='lat' dir='ltr'>Nos</span> <span class='ocrx_word' id='word_1_230' title='bbox 966 2747 1004 2810; x_wconf 87' lang='lat' dir='ltr'>de</span> <span class='ocrx_word' id='word_1_231' title='bbox 1019 2747 1188 2813; x_wconf 76' lang='lat' dir='ltr'>commssts</span> <span class='ocrx_word' id='word_1_232' title='bbox 1201 2747 1253 2817; x_wconf 86' lang='lat' dir='ltr'>tibi</span> <span class='ocrx_word' id='word_1_233' title='bbox 1267 2749 1373 2813; x_wconf 85' lang='lat' dir='ltr'>ovibus</span> 
     </span>
     <span class='ocr_line' id='line_1_25' title="bbox 218 2842 1404 2925; baseline 0.004 -22"><span class='ocrx_word' id='word_1_234' title='bbox 218 2842 349 2906; x_wconf 85' lang='lat' dir='ltr'>maxime</span> <span class='ocrx_word' id='word_1_235' title='bbox 368 2845 649 2925; x_wconf 48' lang='lat' dir='ltr'>pertineatrTauto</span> <span class='ocrx_word' id='word_1_236' title='bbox 673 2843 776 2925; x_wconf 85' lang='lat' dir='ltr'>itaque</span> <span class='ocrx_word' id='word_1_237' title='bbox 796 2843 929 2907; x_wconf 84' lang='lat' dir='ltr'>enixiore</span> <span class='ocrx_word' id='word_1_238' title='bbox 955 2850 986 2907; x_wconf 83' lang='lat' dir='ltr'>te</span> <span class='ocrx_word' id='word_1_239' title='bbox 1010 2843 1169 2911; x_wconf 84' lang='lat' dir='ltr'>hortamur</span> <span class='ocrx_word' id='word_1_240' title='bbox 1191 2845 1313 2924; x_wconf 88' lang='lat' dir='ltr'>studio,</span> <span class='ocrx_word' id='word_1_241' title='bbox 1335 2865 1373 2908; x_wconf 91' lang='lat' dir='ltr'>ne</span> <span class='ocrx_word' id='word_1_242' title='bbox 1401 2876 1404 2886; x_wconf 90' lang='lat'><strong>·</strong></span> 
     </span>
     <span class='ocr_line' id='line_1_26' title="bbox 218 2938 1373 3024; baseline 0.003 -23"><span class='ocrx_word' id='word_1_243' title='bbox 218 2938 353 3002; x_wconf 84' lang='lat' dir='ltr'>officium</span> <span class='ocrx_word' id='word_1_244' title='bbox 366 2949 454 3002; x_wconf 90' lang='lat' dir='ltr'>tuum</span> <span class='ocrx_word' id='word_1_245' title='bbox 464 2940 523 3002; x_wconf 91' lang='lat' dir='ltr'>tuis</span> <span class='ocrx_word' id='word_1_246' title='bbox 536 2939 662 3019; x_wconf 71' lang='lat' dir='ltr'>unum,</span> <span class='ocrx_word' id='word_1_247' title='bbox 672 2941 726 3003; x_wconf 87' lang='lat' dir='ltr'>sed</span> <span class='ocrx_word' id='word_1_248' title='bbox 738 2939 838 3002; x_wconf 87' lang='lat' dir='ltr'>divina</span> <span class='ocrx_word' id='word_1_249' title='bbox 852 2959 912 3022; x_wconf 84' lang='lat' dir='ltr'>ope</span> <span class='ocrx_word' id='word_1_250' title='bbox 926 2941 1134 3005; x_wconf 85' lang='lat' dir='ltr'>sustinendum</span> <span class='ocrx_word' id='word_1_251' title='bbox 1148 2943 1312 3024; x_wconf 87' lang='lat' dir='ltr'>arbitreris,</span> <span class='ocrx_word' id='word_1_252' title='bbox 1325 2944 1373 3006; x_wconf 93' lang='lat' dir='ltr'>id-</span> 
     </span>
     <span class='ocr_line' id='line_1_27' title="bbox 217 3036 1373 3120; baseline 0.005 -22"><span class='ocrx_word' id='word_1_253' title='bbox 217 3055 277 3117; x_wconf 85' lang='lat' dir='ltr'>que</span> <span class='ocrx_word' id='word_1_254' title='bbox 287 3038 330 3101; x_wconf 85' lang='lat' dir='ltr'>ita</span> <span class='ocrx_word' id='word_1_255' title='bbox 340 3056 456 3118; x_wconf 82' lang='lat' dir='ltr'>gerere,</span> <span class='ocrx_word' id='word_1_256' title='bbox 469 3043 618 3117; x_wconf 89' lang='lat' dir='ltr'>quantum</span> <span class='ocrx_word' id='word_1_257' title='bbox 628 3037 660 3098; x_wconf 89' lang='lat' dir='ltr'>in</span> <span class='ocrx_word' id='word_1_258' title='bbox 672 3043 703 3099; x_wconf 87' lang='lat' dir='ltr'>ta</span> <span class='ocrx_word' id='word_1_259' title='bbox 714 3043 771 3116; x_wconf 86' lang='lat' dir='ltr'>est,</span> <span class='ocrx_word' id='word_1_260' title='bbox 780 3036 900 3118; x_wconf 76' lang='lat' dir='ltr'>pergas,</span> <span class='ocrx_word' id='word_1_261' title='bbox 914 3045 948 3100; x_wconf 90' lang='lat' dir='ltr'>ut</span> <span class='ocrx_word' id='word_1_262' title='bbox 959 3037 1007 3101; x_wconf 85' lang='lat' dir='ltr'>cui</span> <span class='ocrx_word' id='word_1_263' title='bbox 1019 3039 1194 3120; x_wconf 86' lang='lat' dir='ltr'>obsequeris</span> <span class='ocrx_word' id='word_1_264' title='bbox 1202 3042 1276 3118; x_wconf 90' lang='lat' dir='ltr'>Deo,</span> <span class='ocrx_word' id='word_1_265' title='bbox 1289 3042 1373 3120; x_wconf 90' lang='lat' dir='ltr'>ejus-</span> 
     </span>
     <span class='ocr_line' id='line_1_28' title="bbox 217 3133 1373 3216; baseline 0.006 -21"><span class='ocrx_word' id='word_1_266' title='bbox 217 3133 287 3195; x_wconf 89' lang='lat' dir='ltr'>dem</span> <span class='ocrx_word' id='word_1_267' title='bbox 304 3134 399 3216; x_wconf 83' lang='lat' dir='ltr'>gratia</span> <span class='ocrx_word' id='word_1_268' title='bbox 414 3133 613 3215; x_wconf 81' lang='lat' dir='ltr'>presidioque</span> <span class='ocrx_word' id='word_1_269' title='bbox 628 3133 743 3196; x_wconf 80' lang='lat' dir='ltr'>nitaris</span> <span class='ocrx_word' id='word_1_270' title='bbox 764 3136 810 3198; x_wconf 84' lang='lat' dir='ltr'>Ita</span> <span class='ocrx_word' id='word_1_271' title='bbox 826 3135 1013 3202; x_wconf 83' lang='lat' dir='ltr'>benemereri</span> <span class='ocrx_word' id='word_1_272' title='bbox 1028 3137 1067 3199; x_wconf 87' lang='lat' dir='ltr'>de</span> <span class='ocrx_word' id='word_1_273' title='bbox 1080 3137 1188 3216; x_wconf 90' lang='lat' dir='ltr'>Nobis,</span> <span class='ocrx_word' id='word_1_274' title='bbox 1207 3157 1243 3199; x_wconf 90' lang='lat' dir='ltr'>ac</span> <span class='ocrx_word' id='word_1_275' title='bbox 1259 3138 1298 3207; x_wconf 89' lang='lat' dir='ltr'>de</span> <span class='ocrx_word' id='word_1_276' title='bbox 1312 3142 1373 3202; x_wconf 86' lang='lat' dir='ltr'>Ec-</span> 
     </span>
     <span class='ocr_line' id='line_1_29' title="bbox 219 3231 1373 3317; baseline 0.004 -23"><span class='ocrx_word' id='word_1_277' title='bbox 219 3232 309 3294; x_wconf 83' lang='lat' dir='ltr'>clesia</span> <span class='ocrx_word' id='word_1_278' title='bbox 323 3235 369 3294; x_wconf 90' lang='lat' dir='ltr'>vel</span> <span class='ocrx_word' id='word_1_279' title='bbox 390 3233 420 3294; x_wconf 90' lang='lat' dir='ltr'>in</span> <span class='ocrx_word' id='word_1_280' title='bbox 433 3231 606 3294; x_wconf 74' lang='lat' dir='ltr'>infirmitate</span> <span class='ocrx_word' id='word_1_281' title='bbox 626 3237 680 3295; x_wconf 86' lang='lat' dir='ltr'>tua</span> <span class='ocrx_word' id='word_1_282' title='bbox 693 3231 806 3313; x_wconf 87' lang='lat' dir='ltr'>poteris</span> <span class='ocrx_word' id='word_1_283' title='bbox 814 3277 823 3312; x_wconf 90' lang='lat'>,</span> <span class='ocrx_word' id='word_1_284' title='bbox 840 3251 878 3296; x_wconf 85' lang='lat' dir='ltr'>ac</span> <span class='ocrx_word' id='word_1_285' title='bbox 895 3234 1045 3314; x_wconf 82' lang='lat' dir='ltr'>majorem</span> <span class='ocrx_word' id='word_1_286' title='bbox 1062 3234 1094 3297; x_wconf 92' lang='lat' dir='ltr'>in</span> <span class='ocrx_word' id='word_1_287' title='bbox 1107 3235 1235 3298; x_wconf 91' lang='lat' dir='ltr'>modum</span> <span class='ocrx_word' id='word_1_288' title='bbox 1249 3237 1373 3317; x_wconf 78' lang='lat' dir='ltr'>augebis</span> 
     </span>
     <span class='ocr_line' id='line_1_30' title="bbox 219 3329 1372 3414; baseline 0.003 -22"><span class='ocrx_word' id='word_1_289' title='bbox 219 3329 401 3410; x_wconf 77' lang='lat' dir='ltr'>singularem</span> <span class='ocrx_word' id='word_1_290' title='bbox 412 3349 500 3407; x_wconf 85' lang='lat' dir='ltr'>carn,</span> <span class='ocrx_word' id='word_1_291' title='bbox 513 3343 576 3412; x_wconf 87' lang='lat' dir='ltr'>qua</span> <span class='ocrx_word' id='word_1_292' title='bbox 587 3329 620 3391; x_wconf 87' lang='lat' dir='ltr'>iu</span> <span class='ocrx_word' id='word_1_293' title='bbox 632 3336 662 3392; x_wconf 87' lang='lat' dir='ltr'>ta</span> <span class='ocrx_word' id='word_1_294' title='bbox 673 3339 790 3408; x_wconf 84' lang='lat' dir='ltr'>sumus,</span> <span class='ocrx_word' id='word_1_295' title='bbox 805 3331 974 3410; x_wconf 82' lang='lat' dir='ltr'>caritatem,</span> <span class='ocrx_word' id='word_1_296' title='bbox 985 3330 1018 3393; x_wconf 93' lang='lat' dir='ltr'>in</span> <span class='ocrx_word' id='word_1_297' title='bbox 1030 3332 1117 3411; x_wconf 76' lang='lat' dir='ltr'>cuius</span> <span class='ocrx_word' id='word_1_298' title='bbox 1126 3331 1234 3412; x_wconf 81' lang='lat' dir='ltr'>pignus</span> <span class='ocrx_word' id='word_1_299' title='bbox 1247 3340 1372 3414; x_wconf 88' lang='lat' dir='ltr'>aposto-</span> 
     </span>
     <span class='ocr_line' id='line_1_31' title="bbox 217 3426 1372 3510; baseline 0.004 -22"><span class='ocrx_word' id='word_1_300' title='bbox 217 3428 307 3489; x_wconf 89' lang='lat' dir='ltr'>licam</span> <span class='ocrx_word' id='word_1_301' title='bbox 327 3427 569 3490; x_wconf 84' lang='lat' dir='ltr'>benedictionem</span> <span class='ocrx_word' id='word_1_302' title='bbox 582 3426 655 3506; x_wconf 84' lang='lat' dir='ltr'>tibi,</span> <span class='ocrx_word' id='word_1_303' title='bbox 670 3427 857 3490; x_wconf 82' lang='lat' dir='ltr'>Venerabilis</span> <span class='ocrx_word' id='word_1_304' title='bbox 870 3429 985 3506; x_wconf 77' lang='lat' dir='ltr'>Frater,</span> <span class='ocrx_word' id='word_1_305' title='bbox 998 3434 1117 3510; x_wconf 81' lang='lat' dir='ltr'>tueque</span> <span class='ocrx_word' id='word_1_306' title='bbox 1129 3428 1198 3492; x_wconf 88' lang='lat' dir='ltr'>fidei</span> <span class='ocrx_word' id='word_1_307' title='bbox 1211 3431 1372 3494; x_wconf 84' lang='lat' dir='ltr'>commisso</span> 
     </span>
     <span class='ocr_line' id='line_1_32' title="bbox 217 3524 1372 3607; baseline -0.002 -22"><span class='ocrx_word' id='word_1_308' title='bbox 217 3526 331 3605; x_wconf 88' lang='lat' dir='ltr'>populo</span> <span class='ocrx_word' id='word_1_309' title='bbox 342 3531 534 3605; x_wconf 73' lang='lat' dir='ltr'>pmamanter</span> <span class='ocrx_word' id='word_1_310' title='bbox 551 3524 753 3605; x_wconf 87' lang='lat' dir='ltr'>impertimur.</span> <span class='ocrx_word' id='word_1_311' title='bbox 778 3527 893 3586; x_wconf 67' lang='lat' dir='ltr'>mtum</span> <span class='ocrx_word' id='word_1_312' title='bbox 907 3527 1024 3607; x_wconf 77' lang='lat' dir='ltr'>Rome,</span> <span class='ocrx_word' id='word_1_313' title='bbox 1039 3533 1112 3601; x_wconf 75' lang='lat' dir='ltr'>etc,</span> <span class='ocrx_word' id='word_1_314' title='bbox 1128 3527 1178 3587; x_wconf 81' lang='lat' dir='ltr'>dic</span> <span class='ocrx_word' id='word_1_315' title='bbox 1191 3538 1208 3587; x_wconf 84' lang='lat'><strong>8</strong></span> <span class='ocrx_word' id='word_1_316' title='bbox 1217 3525 1372 3604; x_wconf 71' lang='lat' dir='ltr'>februare·</span> 
     </span>
     <span class='ocr_line' id='line_1_33' title="bbox 221 3626 877 3701; baseline -0.002 -19"><span class='ocrx_word' id='word_1_317' title='bbox 221 3632 309 3698; x_wconf 76' lang='lat'>1772,</span> <span class='ocrx_word' id='word_1_318' title='bbox 323 3626 516 3701; x_wconf 81' lang='lat' dir='ltr'>pontificatus</span> <span class='ocrx_word' id='word_1_319' title='bbox 528 3629 625 3684; x_wconf 74' lang='lat' dir='ltr'>nostre·</span> <span class='ocrx_word' id='word_1_320' title='bbox 635 3641 715 3685; x_wconf 80' lang='lat' dir='ltr'>enno</span> <span class='ocrx_word' id='word_1_321' title='bbox 730 3628 830 3683; x_wconf 78' lang='lat' dir='ltr'>tertio.</span> <span class='ocrx_word' id='word_1_322' title='bbox 874 3683 877 3690; x_wconf 73' lang='grc'>,</span> 
     </span>
    </p>
   </div>
   <div class='ocr_carea' id='block_1_3' title="bbox 698 3733 881 3744">
    <p class='ocr_par' dir='ltr' id='par_1_3' title="bbox 698 3733 881 3744">
     <span class='ocr_line' id='line_1_34' title="bbox 698 3733 881 3744; baseline -0.011 0"><span class='ocrx_word' id='word_1_323' title='bbox 698 3733 881 3744; x_wconf 64' lang='lat' dir='ltr'>...u-—</span> 
     </span>
    </p>
   </div>
   <div class='ocr_carea' id='block_1_4' title="bbox 693 3828 894 3900">
    <p class='ocr_par' dir='ltr' id='par_1_4' title="bbox 693 3828 894 3900">
     <span class='ocr_line' id='line_1_35' title="bbox 693 3828 894 3900; baseline 0.005 -2"><span class='ocrx_word' id='word_1_324' title='bbox 693 3828 894 3900; x_wconf 86' lang='lat' dir='ltr'>CLXXXIV.</span> 
     </span>
    </p>
   </div>
   <div class='ocr_carea' id='block_1_5' title="bbox 671 3980 912 4024">
    <p class='ocr_par' dir='ltr' id='par_1_5' title="bbox 671 3980 912 4024">
     <span class='ocr_line' id='line_1_36' title="bbox 671 3980 912 4024; baseline 0.012 -3"><span class='ocrx_word' id='word_1_325' title='bbox 671 3980 807 4024; x_wconf 71' lang='lat' dir='ltr'>DILBGTO</span> <span class='ocrx_word' id='word_1_326' title='bbox 829 3981 912 4024; x_wconf 75' lang='lat' dir='ltr'>rimo</span> 
     </span>
    </p>
   </div>
   <div class='ocr_carea' id='block_1_6' title="bbox 394 4047 1186 4250">
    <p class='ocr_par' dir='ltr' id='par_1_6' title="bbox 394 4047 1186 4250">
     <span class='ocr_line' id='line_1_37' title="bbox 457 4047 1127 4142; baseline 0.016 -22"><span class='ocrx_word' id='word_1_327' title='bbox 457 4115 459 4120; x_wconf 74' lang='grc'><strong>,</strong></span> <span class='ocrx_word' id='word_1_328' title='bbox 530 4047 704 4130; x_wconf 56' lang='lat' dir='ltr'>*neroni</span> <span class='ocrx_word' id='word_1_329' title='bbox 724 4069 1028 4142; x_wconf 73' lang='lat' dir='ltr'>praeconario,</span> <span class='ocrx_word' id='word_1_330' title='bbox 1125 4091 1127 4095; x_wconf 66' lang='lat'>,</span> 
     </span>
     <span class='ocr_line' id='line_1_38' title="bbox 394 4174 1186 4250; baseline 0.001 -27"><span class='ocrx_word' id='word_1_331' title='bbox 394 4175 546 4248; x_wconf 71' lang='lat' dir='ltr'>MiNisTRQ</span> <span class='ocrx_word' id='word_1_332' title='bbox 560 4174 768 4250; x_wconf 67' lang='lat' dir='ltr'>PboVithALI</span> <span class='ocrx_word' id='word_1_333' title='bbox 784 4179 909 4227; x_wconf 79' lang='lat' dir='ltr'>ouomrs</span> <span class='ocrx_word' id='word_1_334' title='bbox 926 4177 1186 4236; x_wconf 74' lang='lat' dir='ltr'>chPUGINORUM,</span> 
     </span>
    </p>
   </div>
   <div class='ocr_carea' id='block_1_7' title="bbox 528 4253 1053 4350">
    <p class='ocr_par' dir='ltr' id='par_1_7' title="bbox 528 4253 1053 4354">
     <span class='ocr_line' id='line_1_39' title="bbox 528 4253 1053 4350; baseline 0.004 -4"><span class='ocrx_word' id='word_1_335' title='bbox 528 4253 769 4349; x_wconf 67' lang='lat' dir='ltr'>crannus</span> <span class='ocrx_word' id='word_1_336' title='bbox 789 4274 916 4349; x_wconf 75' lang='lat' dir='ltr'>earn</span> <span class='ocrx_word' id='word_1_337' title='bbox 946 4274 1053 4350; x_wconf 75' lang='lat' dir='ltr'>&gt;uu</span> 
     </span>
    </p>
   </div>
   <div class='ocr_carea' id='block_1_8' title="bbox 230 4411 1369 4592">
    <p class='ocr_par' dir='ltr' id='par_1_8' title="bbox 230 4411 1369 4592">
     <span class='ocr_line' id='line_1_40' title="bbox 982 4411 1302 4478; baseline 0.006 -16"><span class='ocrx_word' id='word_1_338' title='bbox 982 4414 1075 4475; x_wconf 82' lang='lat' dir='ltr'>Romae,</span> <span class='ocrx_word' id='word_1_339' title='bbox 1086 4420 1100 4462; x_wconf 85' lang='lat'><em>8</em></span> <span class='ocrx_word' id='word_1_340' title='bbox 1113 4411 1225 4462; x_wconf 80' lang='lat' dir='ltr'>saburarii</span> <span class='ocrx_word' id='word_1_341' title='bbox 1237 4417 1302 4478; x_wconf 74' lang='lat'><strong>1772.</strong></span> 
     </span>
     <span class='ocr_line' id='line_1_41' title="bbox 230 4496 1369 4592; baseline 0.009 -36"><span class='ocrx_word' id='word_1_342' title='bbox 230 4521 232 4529; x_wconf 94' lang='lat'>·</span> <span class='ocrx_word' id='word_1_343' title='bbox 258 4496 389 4573; x_wconf 81' lang='lat' dir='ltr'>Dilecta,</span> <span class='ocrx_word' id='word_1_344' title='bbox 400 4506 455 4559; x_wconf 81' lang='lat' dir='ltr'>etc.</span> <span class='ocrx_word' id='word_1_345' title='bbox 466 4499 537 4561; x_wconf 89' lang='lat' dir='ltr'>Post</span> <span class='ocrx_word' id='word_1_346' title='bbox 549 4500 704 4580; x_wconf 86' lang='lat' dir='ltr'>superiora</span> <span class='ocrx_word' id='word_1_347' title='bbox 720 4499 775 4560; x_wconf 90' lang='lat' dir='ltr'>tria</span> <span class='ocrx_word' id='word_1_348' title='bbox 788 4499 955 4579; x_wconf 82' lang='lat' dir='ltr'>Theologire</span> <span class='ocrx_word' id='word_1_349' title='bbox 965 4507 1024 4562; x_wconf 82' lang='lat' dir='ltr'>tuae</span> <span class='ocrx_word' id='word_1_350' title='bbox 1037 4501 1201 4581; x_wconf 88' lang='lat' dir='ltr'>volumina,</span> <span class='ocrx_word' id='word_1_351' title='bbox 1211 4512 1369 4592; x_wconf 77' lang='lat' dir='ltr'>pistrenur</span> 
     </span>
    </p>
   </div>
   <div class='ocr_carea' id='block_1_9' title="bbox 0 0 1598 5414">
    <p class='ocr_par' dir='ltr' id='par_1_9' title="bbox 0 0 1598 5414">
     <span class='ocr_line' id='line_1_42' title="bbox 0 0 1598 5414; baseline 0 3"><span class='ocrx_word' id='word_1_352' title='bbox 0 0 1598 5414; x_wconf 95' lang='lat' dir='ltr'> </span> 
     </span>
    </p>
   </div>
  </div>
 </body>
</html>
