3188 5414
216 508 267 560 aro
646 502 849 559 cannabus
867 502 930 556 xxv

215 608 351 672 tituendo
370 607 517 671 Prioratui
536 607 684 688 simulque
702 608 815 689 aliquot
827 605 1013 669 commendis
1030 603 1191 669 Ordinibus
1209 601 1368 688 Equestris

216 705 397 783 Melitensis,
413 723 449 774 ac
462 703 609 784 erigenda
622 704 675 766 uni
693 705 739 766 vel
755 705 874 767 duabus
887 704 1069 767 feminarum
1089 704 1253 767 illustrium
1271 723 1369 766 eano-

216 803 274 864 niis
294 803 375 866 bona
392 809 423 864 et
442 801 557 865 reditus
574 802 788 866 nonnullorum
802 801 1056 864 monasteriorum
1069 806 1128 863 tua
1144 800 1290 878 ditionis,
1305 803 1369 862 Ec-

217 901 315 963 clesiae
328 907 358 962 et
372 901 541 984 reipublice
554 901 665 978 minus,
677 906 711 962 ut
724 900 841 978 scribis,
857 900 988 976 utilium,
1002 897 1144 978 assignari
1160 897 1369 980 applicariquc

219 999 391 1080 apostoliea
407 998 564 1080 potestatis
580 997 764 1078 plenitudine
787 996 1030 1085 concederemus.
1051 999 1122 1073 Quae
1140 997 1295 1078 postulata
1314 1004 1370 1058 tua

218 1095 343 1158 minime
354 1095 505 1175 ambigere
519 1095 629 1173 debes,
643 1094 716 1176 quin¹
730 1113 785 1175 pro
796 1099 901 1156 nostra
914 1093 946 1155 in
959 1100 989 1156 te
1003 1093 1146 1173 singulari
1159 1093 1288 1155 caritate
1301 1100 1371 1156 stu-

218 1193 388 1256 diosissimo
410 1193 511 1254 animo
535 1191 762 1274 exceperimus,
784 1190 874 1271 idqm
891 1189 1023 1252 maxime
1041 1195 1272 1271 exoptaremus,
1287 1197 1322 1254 ut
1340 1191 1370 1252 in

96 1318 104 1327 ·
218 1290 266 1352 his
279 1291 371 1353 etiam
384 1335 392 1361 ,
405 1289 664 1371 ,quemadmodum
678 1295 766 1352 autea
779 1309 857 1371 sape
872 1289 1015 1368 lecimus,
1027 1290 1214 1351 voluntatem
1226 1289 1282 1351 tibi
1296 1306 1371 1350 nos-

219 1395 299 1450 tram
321 1385 556 1450 cumulatissime
575 1385 773 1467 comprobare
790 1403 960 1468 possemus.
980 1387 1094 1449 Verum
1117 1384 1155 1448 ad
1176 1385 1370 1465 gravissimas

120 1514 123 1519 Δ
220 1504 269 1547 res
280 1485 492 1567 expendendas
508 1483 769 1566 deeemendasque
779 1480 885 1565 juilleii
900 1502 1019 1566 quoque
1031 1484 1230 1566 gravitatem,
1248 1503 1284 1546 ae
1301 1503 1371 1547 ma-

220 1585 376 1646 turitatem
400 1583 501 1646 alierri
515 1592 656 1666 oportere
676 1584 739 1666 ipsa
759 1604 816 1666 pro
830 1591 883 1646 tua
897 1583 1057 1667 prudentia
1077 1601 1137 1645 non
1152 1582 1286 1663 ignoras.
1307 1585 1371 1645 Hae

219 1681 347 1763 proinde
367 1700 459 1744 causa
482 1680 514 1743 in
534 1682 695 1762 postremis
717 1682 823 1745 litteris
847 1682 907 1744 tuis
927 1680 1097 1761 singillatim
1117 1679 1370 1742 monasteriorum

219 1780 340 1842 illorum
355 1786 466 1843 statum
486 1782 701 1863 enucleateque
715 1781 885 1843 describere
898 1779 991 1842 Nobis
1003 1777 1141 1856 voluisti,
1156 1777 1282 1858 nequid
1293 1786 1371 1840 esset

220 1878 251 1940 in
262 1898 324 1959 quo
335 1878 543 1960 cognoscendo
556 1879 773 1960 statuendoque
782 1880 973 1941 haereremus.
987 1876 1046 1939 Sed
1056 1875 1166 1954 adhuc,
1179 1875 1370 1938 dilectissime

219 1976 251 2037 in
265 1977 381 2039 Christo
390 1976 433 2039 tili
441 1983 555 2054 noster,
569 1982 730 2058 supersunt
738 1975 788 2037 hie
797 1973 947 2056 quadam,
961 1972 1139 2054 aNobisque
1150 1971 1370 2050 desiderantur,

221 2091 259 2136 ne
284 2074 358 2156 quid
371 2075 403 2136 in
419 2073 479 2136 boc
489 2073 604 2153 judicio
616 2079 731 2136 temme
744 2072 970 2153 inconsulteque
983 2069 1087 2133 iecisse
1102 2069 1272 2149 rideamur.
1288 2072 1372 2146 Quod

220 2178 255 2233 ut
268 2172 322 2233 tibi
338 2171 496 2254 perspicue
508 2171 605 2251 magis
616 2170 813 2252 explicemus,
825 2189 843 2232 a
853 2168 942 2231 tertio
955 2173 1014 2230 tue
1027 2167 1092 2246 ejus
1103 2167 1313 2249 descriptionis
1326 2188 1372 2231 ea·

220 2269 283 2350 pite
296 2269 442 2330 sumimus
456 2269 627 2350 exemplum
637 2315 646 2346 ,
666 2269 696 2329 in
715 2287 777 2349 quo
796 2267 834 2330 de
855 2265 1038 2355 monasterio
1058 2265 1172 2329 ordinis
1191 2268 1223 2329 S.
1243 2268 1373 2350 Brigitte

222 2383 314 2444 agens
327 2382 364 2426 eo
378 2364 532 2427 devenisse
543 2383 609 2426 rem
619 2365 741 2442 scribis,
753 2371 786 2426 ut
796 2371 826 2426 et
837 2363 979 2428 ordinarii
991 2370 1022 2426 et
1030 2363 1177 2446 Principis
1186 2368 1373 2431 territorialis

221 2480 372 2524 consensu
382 2461 517 2540 ejusdem
529 2480 547 2523 a
560 2461 652 2524 Nobis
662 2462 804 2523 extinctio
815 2462 961 2543 postulari
973 2462 1119 2526 debuerit.
1133 2463 1211 2527 Illud
1223 2465 1316 2547 igitur
1327 2483 1374 2530 su·

220 2577 339 2640 peresse
350 2558 437 2621 facile
451 2577 532 2622 nune
544 2559 643 2639 vides,
662 2567 695 2622 ut
710 2567 839 2642 utraque
849 2579 920 2633 cum
930 2562 1080 2642 Ecclesia,
1094 2569 1162 2625 tum
1176 2563 1255 2627 laica
1269 2575 1373 2646 potes-

220 2661 267 2718 tas
288 2675 352 2719 non
372 2657 473 2719 solum
492 2656 524 2719 in
539 2657 605 2736 ejus
625 2657 743 2720 Ordinis
766 2658 981 2722 extinctionem
1004 2681 1022 2722 a
1045 2660 1138 2723 Nobis
1159 2662 1373 2742 postulandam

218 2753 307 2832 justis
319 2753 466 2816 decausis
478 2755 665 2830 consentiat,
681 2755 734 2818 sed
747 2755 873 2819 modum
884 2755 993 2836 etiam,
1007 2757 1218 2838 rationemque
1231 2758 1372 2840 reperiat,

220 2870 281 2932 qua
290 2851 390 2913 minus
402 2852 592 2914 incommode
602 2851 748 2934 quidquid
759 2852 969 2934 exequendum
978 2853 1136 2930 videbitur,
1147 2855 1254 2935 peragi
1262 2857 1372 2920 valeat.

220 2949 344 3011 Avobis
357 2949 536 3030 itaque,qui
548 2949 727 3033 inpraesenti
740 2968 773 3033 re
786 2951 858 3012 estis
865 2996 873 3027 ‚
889 2950 1064 3032 explorandi
1077 2950 1177 3032 primo
1186 2959 1258 3016 suut
1272 2971 1375 3017 mores

220 3047 450 3127 voluntatesque
462 3045 541 3108 illius
559 3046 677 3109 Ordinis
692 3040 827 3109 virorum
845 3065 881 3109 ae
900 3048 1075 3126 mulierum,
1091 3055 1121 3110 et
1137 3049 1169 3111 in
1185 3051 1270 3131 quod
1289 3051 1374 3114 aliud

220 3143 327 3222 singuli
340 3143 387 3205 vel
398 3142 519 3223 singula
530 3143 747 3206 monasterium
758 3163 815 3224 pro
827 3145 973 3225 cujusque
992 3144 1163 3207 animorum
1177 3145 1372 3210 inclinatione

220 3238 436 3316 transferendi,
452 3241 499 3301 vel
512 3239 725 3303 transferendae
741 3240 815 3318 sint,
826 3242 1068 3322 cognoscendum
1088 3266 1095 3304 :
1118 3250 1186 3306 tum
1200 3262 1267 3326 quo
1277 3262 1372 3306 eom-

171 3340 175 3352 '
220 3337 351 3416 migrare
368 3336 477 3416 cuique
499 3336 638 3415 libuerit,
656 3337 838 3416 videndum,
852 3345 887 3401 ut
901 3340 1082 3402 benevolum
1106 3340 1166 3404 illic
1183 3347 1373 3424 receptorem

221 3434 351 3511 babeat,
366 3451 404 3495 ne
414 3451 475 3513 qua
488 3433 601 3495 seilicet
612 3453 649 3495 ex
661 3433 857 3498 habitationis
871 3443 903 3499 et
915 3437 1056 3500 consortii
1065 3437 1199 3501 novitate
1216 3440 1264 3502 vel
1283 3438 1375 3504 insti-

221 3531 278 3594 tuti
291 3532 436 3594 varietate
449 3529 647 3618 perturbatio,
663 3550 699 3593 ac
712 3532 838 3596 offensio
851 3534 977 3613 oriatur,
993 3541 1024 3597 et
1036 3553 1073 3597 ex
1084 3555 1146 3598 nno
1161 3537 1191 3598 in
1201 3539 1291 3619 plura
1302 3558 1374 3603 mo-

220 3629 351 3691 nasteria
363 3627 561 3690 dissensiones
572 3636 787 3709 propagentur.
800 3633 871 3692 Haec
886 3637 975 3712 atque
988 3632 1163 3711 hujusmodi
1177 3641 1293 3716 cetera,
1305 3657 1374 3720 quae

221 3727 259 3788 ad
277 3727 356 3788 hanc
373 3743 438 3787 rem
453 3724 509 3787 rite
526 3724 746 3788 conficiendam
765 3728 931 3808 pertinent,
946 3748 1016 3792 cum
1030 3731 1251 3814 cognoveritis,
1266 3753 1375 3799 aenon

220 3827 319 3887 solum
330 3824 361 3886 in
376 3824 419 3885 rei
431 3825 619 3906 equitatem,
634 3824 690 3887 sed
705 3824 735 3886 in
748 3832 869 3893 certam,
880 3828 972 3890 etiam
983 3829 1120 3908 ejusdem
1132 3832 1318 3911 peragenda
1329 3854 1376 3897 ra-

220 3929 335 3984 tionem
352 3919 578 3999 consenseritis,
595 3926 663 3983 tum
680 3921 782 3984 omnia
800 3922 839 3985 ad
858 3925 919 3988 Nos
941 3925 1130 4007 singillatim,
1153 3928 1375 4014 perspicueque

219 4017 439 4082 conscribenda
450 4023 557 4095 erunt,
571 4023 606 4079 ut
620 4016 657 4079 iis
675 4019 857 4101 perspectis,
875 4021 914 4083 ad
928 4021 1019 4101 illud,
1032 4024 1114 4104 quod
1125 4024 1280 4106 optimum
1293 4027 1376 4089 vide·

220 4116 302 4178 bitur
320 4115 479 4178 consilium
497 4113 678 4178 descmdere
691 4116 855 4179 valeamus.
871 4119 1007 4182 Tertium
1019 4120 1078 4183 boc
1089 4129 1149 4184 tuae
1160 4120 1376 4204 descriptionis

220 4219 312 4294 eaput
331 4232 388 4295 pro
409 4212 547 4293 exemplo
569 4211 759 4291 induximus,
775 4220 809 4276 ut
824 4214 897 4296 quid
909 4215 1002 4279 etiam
1017 4216 1049 4279 in
1069 4218 1134 4280 aliis
1146 4219 1376 4299 postulatorum

220 4316 344 4374 tuorum
363 4311 513 4393 capitibus
525 4311 729 4392 prestandum
742 4312 819 4374 istuc
834 4319 910 4391 ate,
928 4333 964 4376 ae
978 4314 1036 4377 loci
1055 4316 1200 4396 cujusque
1217 4316 1376 4382 ordinario

221 4407 275 4483 sit,
291 4407 329 4468 ad
343 4409 464 4490 Nosque
487 4409 752 4472 transmittendum
772 4409 928 4491 intelligas.
944 4411 1021 4474 lllud
1035 4411 1161 4473 demum·
1171 4412 1326 4492 majorem
1344 4415 1375 4476 in
1400 4448 1407 4457 ·

220 4503 345 4567 modum
355 4551 364 4584 ,
375 4505 566 4569 dilectissime
579 4506 608 4569 in
627 4507 744 4570 Cbrlsto
753 4507 794 4569 fili
807 4514 919 4590 noster,
936 4529 953 4570 a
968 4517 997 4571 te
1009 4507 1149 4590 petimus,
1164 4515 1198 4569 ut
1208 4508 1263 4570 tibi
1278 4511 1375 4573 edaru
