3188 5414
232 477 283 524 2911
658 473 862 527 CLEMENTIS
878 473 944 526 xlv

232 577 314 636 sione
337 575 517 653 inhaereant,
538 565 628 656 atque
652 576 798 639 insistant.
819 576 947 637 Proinde
965 580 1068 636 nostro
1086 575 1177 639 otiam
1191 577 1315 638 nomine
1338 579 1373 640 ab

230 672 286 734 illis
304 672 485 748 contendes,
505 671 633 754 nequid
653 671 682 732 in
701 671 763 733 suis
775 670 951 734 dioecesibus
966 671 1030 734 fieri
1049 678 1079 733 et
1100 673 1243 734 constitui
1257 675 1372 751 sinant,

229 769 310 850 quod
321 788 382 831 non
399 769 521 833 omnino
533 769 571 832 sit
581 768 692 831 nostris
706 768 877 849 apostolicis
890 767 995 830 litteris
1008 775 1256 831 consentaneum.
1269 774 1373 853 Neque

215 869 289 947 ,Nos
300 865 423 946 quidem
438 884 508 926 cnm
522 865 586 926 haec
600 863 778 939 scribimus,
797 863 835 925 de
849 881 954 925 eorum
968 863 1022 924 vel·
1031 864 1177 944 sapientia
1190 868 1238 928 rol
1251 869 1282 929 in
1296 869 1374 932 hanc

228 966 368 1024 Sanctam
383 962 491 1024 Sedem
508 961 695 1023 observantia
709 961 863 1041 quidpiam
877 960 1067 1039 dubitamus,
1079 969 1131 1023 aut
1142 965 1204 1025 ullo
1218 966 1310 1028 modo
1319 967 1373 1028 dil-

228 1062 347 1122 fidimus
359 1079 460 1140 aequos
470 1066 576 1140 sponte
588 1059 682 1121 Nobis
700 1078 736 1120 ac
755 1060 955 1139 obsequentes
967 1059 1084 1121 futuros
1099 1079 1180 1137 esso,
1193 1082 1270 1142 quos
1286 1073 1373 1126 antea

228 1158 299 1237 Regi
315 1158 345 1218 in
362 1157 449 1218 simili
462 1176 552 1218 causa
563 1157 728 1237 morigeros
738 1157 828 1220 fuisse
840 1176 900 1219 non
917 1158 1100 1237 ignoramus.
1117 1160 1175 1220 Sed
1187 1160 1218 1222 in
1230 1180 1298 1222 eam
1311 1163 1372 1224 lraec

226 1261 343 1334 partem
355 1254 448 1334 accipi
462 1255 599 1315 volumus
609 1299 617 1331 ,
629 1260 663 1315 ut
675 1273 693 1314 a
706 1255 796 1316 rebus
808 1300 816 1332 ,
828 1274 904 1336 quas
916 1254 1022 1315 sedulo
1033 1254 1249 1337 diligenterque
1262 1262 1371 1322 serrari

225 1352 382 1432 rupimus,
401 1370 522 1413 ornnem
544 1353 782 1433 quibuscumque
804 1353 1115 1434 interpretationibuS,
1136 1364 1166 1416 et
1186 1377 1253 1436 quae
1274 1359 1369 1420 alicrri

225 1450 363 1511 ridentur
374 1468 478 1529 posse,
498 1450 596 1510 causis
613 1451 714 1511 locum
729 1451 907 1513 adimamus.
921 1455 991 1526 Quas
1000 1459 1033 1514 ut
1046 1472 1144 1514 causae
1153 1454 1271 1516 facilius
1283 1457 1370 1518 etiam

224 1547 343 1626 praecidi
356 1548 493 1622 valeant,
505 1547 651 1624 majorem
666 1547 696 1608 in
711 1548 836 1621 modum
852 1549 1009 1611 hortamur
1020 1551 1213 1611 Venerabiles
1236 1554 1368 1629 Fratres,

225 1653 259 1704 nt
273 1645 364 1720 alios,
380 1662 456 1722 quos
470 1643 583 1704 habeut
600 1643 631 1704 iu
644 1643 762 1706 dioecesi
777 1664 832 1706 sua
849 1646 1018 1709 sacerdotes
1032 1653 1124 1708 tame
1138 1649 1269 1726 regulari
1280 1668 1368 1728 qaam

224 1743 356 1804 saeculari
379 1743 478 1816 clero,
500 1739 556 1802 sibi
568 1740 716 1820 adjutores
736 1741 765 1802 in
783 1743 916 1804 curanda
934 1743 1103 1804 animarum
1122 1744 1220 1805 saluto
1240 1753 1271 1806 et
1288 1746 1369 1807 vinca

223 1838 341 1899 Domini
355 1837 518 1899 excolenda
532 1837 683 1918 operarios
697 1838 858 1915 asciscant;
874 1840 917 1903 ita
929 1840 1009 1902 enim
1021 1841 1085 1922 ipsa
1099 1843 1255 1921 apostolici
1269 1843 1370 1904 minis-

223 1937 288 1998 terii
312 1936 522 1998 exercitatione
544 1936 690 2015 paulatim
704 1936 909 2000 instructiores
923 1945 954 1999 et
978 1938 1016 2000 ad
1031 1939 1216 2019 spiritualem
1232 1940 1369 2002 militiam

223 2034 352 2114 aptiores
365 2033 406 2096 illi
419 2050 523 2095 omues
533 2032 690 2110 accedent,
701 2039 731 2094 et
744 2053 813 2094 suas
822 2034 970 2114 episcopis
985 2034 1087 2113 copias
1101 2053 1157 2114 pro
1171 2035 1270 2114 gregis
1286 2055 1369 2111 cura,

223 2139 253 2190 ct
275 2131 411 2193 custodia
432 2128 551 2192 abunde
573 2130 767 2209 postmodum
788 2130 978 2210 suppeditare
999 2137 1151 2210 poterunt.
1174 2133 1245 2192 Haec
1268 2134 1370 2194 omnia

223 2222 293 2288 rrum
307 2246 362 2307 pro
377 2233 431 2288 tua
444 2225 584 2305 singulari
602 2225 762 2305 prudentia
783 2246 819 2289 ao
836 2245 938 2291 rerum
959 2247 1034 2304 usu,
1059 2228 1167 2290 dilecte
1190 2229 1231 2290 fili
1253 2238 1370 2309 noster,

222 2324 335 2402 optimc
359 2323 523 2402 intelligas,
543 2322 665 2383 minime
686 2323 877 2401 dubitamus,
901 2324 973 2404 quin
994 2343 1063 2386 eam
1078 2333 1182 2388 teneas
1203 2326 1233 2386 ia
1253 2327 1371 2407 agendo

221 2424 312 2498 viam,
323 2441 389 2502 quae
400 2420 544 2483 voluntati
552 2420 624 2482 huic
635 2426 744 2488 nostrae
755 2421 1009 2483 accommodatior
1021 2441 1084 2493 csse
1097 2423 1203 2503 possit.
1219 2424 1370 2486 1111111011·-

220 2513 334 2579 tissime
357 2524 409 2579 tua
426 2516 574 2596 ejusmodi
594 2535 705 2596 opera,
721 2515 891 2595 diligentia,
910 2518 1034 2580 consilio
1056 2521 1265 2600 consequeris,
1286 2529 1319 2582 ut
1340 2531 1371 2582 ct

220 2614 395 2693 praclarum
413 2613 472 2674 hoc
486 2612 524 2674 ad
533 2618 645 2674 caetera
659 2611 828 2690 adjunxeris
845 2613 888 2674 tui
905 2632 978 2694 erga
991 2617 1103 2695 Regem
1117 2615 1217 2697 ipsum
1231 2617 1370 2697 obsequii

220 2712 441 2790 testimonium,
460 2720 490 2774 et
507 2718 644 2774 nostrum
655 2711 693 2773 de
708 2718 762 2772 tua
773 2711 900 2791 virtute,
918 2731 955 2775 ac
973 2715 1132 2776 nobiscum
1155 2716 1370 2793 conjunctione

216 2808 364 2886 jndicium
384 2809 508 2871 mirifice
527 2808 780 2890 comprobaveris.
798 2810 844 2870 Ac
860 2809 889 2871 in
911 2810 1033 2872 uberius
1051 2811 1213 2873 Pontiliciae
1232 2813 1370 2875 caritatis

218 2905 324 2986 pignus
339 2906 535 2986 apostolicam
546 2905 783 2967 benedictionem
794 2905 869 2980 tibi,
891 2905 1083 2969 dilectissime
1102 2908 1144 2968 lili
1158 2919 1276 2987 noster,
1297 2929 1370 2990 pcr-

218 3012 353 3066 amauter
363 3004 564 3086 impertimur.
575 3006 689 3065 Datum
699 3005 810 3081 Romae,
823 3006 905 3082 opud
914 3007 1055 3067 Sanctam
1067 3009 1197 3068 Marione
1208 3010 1367 3085 Majoram,

217 3102 270 3160 sub
286 3104 404 3162 Annulo
419 3105 597 3175 Piscatoris,
612 3102 661 3162 die
684 3112 701 3160 9
729 3106 834 3162 martii
856 3113 944 3180 1774,
957 3106 1149 3182 ponteficotos
1171 3111 1268 3167 nostri
1286 3125 1368 3167 anno
1405 3161 1408 3165 .

218 3204 330 3275 quirtto.

693 3297 874 3306 -ι--ι-

725 3412 844 3482 cclx.

452 3570 668 3622 ninacrrssruo
689 3580 723 3622 111
746 3581 876 3623 canrsro
900 3582 980 3624 rimo
1004 3583 1122 3625 nosrao

546 3689 814 3752 MAXIMILIANO
832 3691 1019 3763 JOSEPHO‚

293 3842 295 3846 Α
356 3813 515 3860 navarra
534 3814 641 3874 uuor,
662 3813 691 3860 s.
716 3815 750 3862 11.
772 3815 797 3861 1.
822 3814 992 3866 ramorrl
1015 3814 1219 3876 aurorem,
1307 3853 1312 3862 .

521 3917 753 4018 curuans
786 3918 915 3997 rara
946 3919 1051 3996 1111.

984 4080 1079 4139 Romae,
1097 4085 1125 4129 23
1140 4079 1219 4127 martii
1233 4083 1299 4130 1771.

257 4184 472 4257 Dilectissimo,
484 4188 543 4243 etc.
556 4182 735 4261 Accepimus
754 4182 792 4243 ad
808 4184 869 4243 Nos
889 4189 941 4243 tuo
963 4183 1084 4243 nomine
1105 4183 1204 4245 delata
1222 4184 1366 4246 undecim

216 4283 482 4340 monumentorum
491 4278 678 4340 Electoratus
692 4280 734 4341 tui
747 4272 912 4341 uolumina.
927 4279 1013 4353 Quod
1022 4280 1121 4342 minus
1139 4280 1193 4341 etsi
1208 4281 1296 4342 valdo
1309 4301 1368 4344 suo

216 4372 313 4454 pretio
330 4375 567 4452 commendetur,
584 4376 735 4457 Nobisque
764 4378 875 4439 idcirco
895 4386 1106 4458 paracccptum
1130 4379 1182 4455 sit,
1203 4385 1307 4441 tamon
1328 4400 1367 4442 cn

214 4472 374 4554 jucandius
391 4474 514 4553 accidit,
534 4477 613 4555 quod
628 4477 826 4539 clarissimum
847 4496 906 4558 praa
919 4496 949 4537 sc
962 4475 1033 4537 serat
1051 4484 1107 4537 tuac
1124 4478 1151 4538 in
1167 4479 1226 4538 Nos
1240 4463 1365 4558 praeclass
