3188 5414
220 535 271 583 388
648 529 850 583 CLEMENTlS
869 529 938 582 XlV'

217 633 369 712 gularibus
387 631 520 713 personis
534 632 693 709 Ordinum,
714 633 752 692 ad
768 651 844 711 quos
858 633 920 692 baec
941 631 1117 691 Constitulio
1135 630 1376 712 extendebatur,

185 772 191 787 .
217 728 390 790 transeundi
410 727 447 788 ad
466 729 596 808 reliquos
611 729 735 789 Ordines
751 714 934 809 approbatos
952 730 1103 790 licentiam
1120 731 1375 810 concessilgeue-

217 830 327 903 ralem3
345 827 386 888 lta
406 833 524 905 tamen,
547 835 581 888 ut
598 827 698 889 nullus
711 827 790 887 Ordo
803 827 839 889 ad
849 827 964 903 alium,
980 827 1025 887 vel
1048 828 1221 887 Conventus
1237 827 1278 887 ad
1292 830 1375 888 Con-

217 933 339 986 ventum
355 943 398 1002 se,
412 945 447 986 ac
457 926 524 986 loca
534 944 588 986 sua
600 926 730 986 totaliter
740 924 929 1002 transferret,
942 943 1003 987 nou
1016 924 1138 987 obtenta
1149 925 1236 1005 prius
1250 927 1371 1007 speciali

218 1022 302 1084 Sedis
314 1010 490 1103 apostolica
506 1023 635 1083 licentia.

258 1135 288 1182 6.
304 1121 454 1183 Hiscemet
473 1120 602 1200 vestigiis
618 1119 784 1182 secundum
798 1126 971 1199 temporum
986 1118 1228 1179 circumstantias
1246 1119 1376 1181 inhaese-

217 1224 287 1279 runt
307 1218 355 1279 alii
376 1218 504 1279 Romani
518 1217 678 1278 Pontifices
695 1215 930 1277 Praedecessores
949 1217 1058 1294 nostri,
1080 1234 1212 1295 quorum
1232 1220 1368 1280 omnium

218 1315 338 1377 decreta
354 1320 477 1394 longum
500 1322 578 1376 esset
593 1314 713 1375 relerrc.
734 1317 813 1374 lntor
831 1320 953 1377 cataros
976 1334 1048 1378 vcro
1066 1316 1205 1378 Clemens
1230 1319 1310 1398 Papa
1328 1323 1366 1379 V.

217 1411 327 1491 pariter
342 1412 544 1473 Praedccessor
564 1416 664 1478 noster
680 1428 734 1490 per
755 1429 826 1472 suas
845 1414 900 1473 sub
920 1414 1045 1493 plumbo
1061 1426 1078 1474 6
1093 1432 1189 1475 nonas
1203 1414 1276 1476 Maii
1290 1434 1369 1476 anno

218 1509 434 1569 incarnationis
452 1506 611 1568 Dominicaa
631 1517 716 1566 1662.
734 1507 888 1588 expeditas
913 1509 1027 1570 litteras
1045 1509 1186 1570 Ordinem
1207 1509 1370 1570 Militarcm

218 1604 457 1684 Templariorum
485 1610 745 1684 nuncupatorum,
769 1606 906 1685 quamvis
925 1607 1056 1686 legitime
1081 1600 1317 1685 confirmatum,
1335 1617 1375 1668 ct·

219 1700 291 1761 alias
305 1701 342 1761 de
356 1699 522 1762 Christiana
532 1699 696 1780 Republica
709 1701 784 1762 adeo
794 1704 933 1782 praeclare
945 1704 1097 1783 meritum,
1112 1712 1145 1765 ut
1157 1705 1266 1767 aSede
1276 1707 1369 1784 Apos

110 1875 112 1880 ἲ
220 1797 311 1858 tolica
326 1797 490 1877 insignibus
507 1798 660 1859 beneficiis
669 1845 677 1876 ,
690 1799 866 1880 privilegiis,
887 1801 1080 1863 facultatibus
1089 1848 1097 1879 ,
1113 1802 1369 1882 exemptionibus

218 1898 344 1963 licantiis
359 1899 529 1962 cumulatus
542 1897 644 1975 fixerit,
667 1898 707 1959 ob
722 1899 920 1958 universalem
934 1899 1171 1961 diffamationem
1184 1902 1370 1982 suppressit,

218 2005 248 2060 et
259 1999 390 2060 totaliter
404 1989 545 2073 extinxit,
561 1993 678 2057 etiarnsi
695 1994 859 2056 Concilium
868 1996 1005 2074 gencrale
1016 1995 1203 2075 viennense,
1217 1998 1270 2078 qui
1283 2015 1372 2076 nego

217 2096 294 2157 tium
304 2094 537 2157 examinandum
552 2093 759 2169 commiserat,
780 2112 797 2153 a
812 2093 947 2171 formali,
961 2100 991 2155 el
1008 2094 1160 2157 definitiva
1172 2096 1300 2158 ferenda
1310 2115 1374 2158 sen-

219 2185 313 2254 tentia
323 2191 472 2253 censuerit
484 2211 516 2252 se
531 2191 689 2252 abstinere.
1028 2180 1032 2187 ’
1209 2196 1212 2203 “

260 2299 287 2348 7.
308 2290 435 2348 Sanctus
455 2288 525 2348 Pius
546 2288 584 2366 V,
605 2287 739 2348 similiter
757 2287 958 2349 Praedecessor
980 2296 1092 2366 noster,
1115 2292 1205 2370 cujus
1225 2290 1373 2370 insignem

138 2438 140 2445 .
218 2386 469 2465 sanctitatcmpie
485 2385 572 2460 colit,
587 2391 616 2445 et
629 2388 786 2445 veneratur
804 2384 936 2445 Ecclesia
954 2387 1124 2464 Catholica,
1144 2387 1293 2449 Ordinem
1313 2390 1372 2449 Re-
1453 2395 1456 2403 '

219 2482 354 2562 gularem
365 2484 506 2542 Fratrum
516 2481 748 2541 Humiliatorum
759 2482 891 2543 Concilio
901 2484 1093 2546 Lateraneusi
1107 2484 1304 2562 anteriorem,
1318 2503 1374 2564 ap-

219 2580 440 2661 probatumque
460 2596 479 2639 a
492 2576 583 2638 felicis
604 2577 820 2639 recordationis
834 2581 1008 2642 Innocentio
1019 2583 1070 2657 Ill,
1085 2580 1223 2643 Honorio
1238 2583 1290 2651 ΙΙΙ,
1304 2583 1373 2642 Grc-

220 2676 306 2758 gorio
327 2678 378 2753 IX,
395 2681 424 2736 et
436 2675 560 2736 Nicolao
571 2676 608 2752 V,
620 2674 762 2736 Romanis
773 2674 968 2736 Pontificibus
980 2676 1254 2739 Pradecessoribus
1268 2676 1372 2738 itidem

218 2774 345 2851 nostris,
359 2774 399 2834 ob
410 2771 644 2833 inobedientiam
656 2770 783 2832 decretis
794 2773 973 2852 Apostolicis
983 2819 992 2851 ,
1002 2774 1167 2836 discordias
1176 2775 1371 2850 domesticas,

218 2879 249 2935 et
263 2880 401 2934 externas
417 2877 552 2946 exortas,
564 2870 681 2930 nullum
696 2868 818 2929 omnino
835 2867 942 2930 future
961 2870 1080 2933 virtutis
1097 2871 1252 2951 specimen
1267 2879 1374 2933 osten·
1395 2896 1399 2903 ·

219 2972 356 3048 denam,
372 2977 403 3031 et
423 2987 517 3030 exeo
537 2968 609 3048 quia
631 2967 721 3046 aliqui
744 2967 881 3045 ejusdem
901 2967 1020 3029 Ordinis
1045 2968 1074 3029 in
1092 2987 1199 3030 necem
1224 2971 1255 3030 S.
1277 2970 1373 3031 Caroli

219 3070 249 3130 S.
265 3070 302 3129 R.
316 3070 351 3130 E.
365 3065 689 3128 CardinalisBorromei
702 3065 884 3127 Protectoris
896 3084 932 3127 ac
942 3066 1112 3128 visitatoris
1122 3067 1291 3147 apostolici
1303 3068 1374 3129 dicti

219 3166 337 3229 Ordinis
355 3166 498 3226 scelerate
514 3162 769 3243 conspiraverint,
784 3163 926 3240 extinxit,
944 3183 980 3225 ac
992 3165 1111 3244 penitus
1129 3165 1262 3226 abolevit

260 3276 289 3325 8.
301 3262 474 3324 Recoleudar
489 3260 640 3321 memoriae
651 3259 788 3321 Urbanus
798 3261 881 3340 Papa
892 3263 971 3338 Vlll,
984 3262 1074 3321 etiam
1084 3260 1289 3322 Praedecessor
1302 3279 1372 3322 nos·

219 3372 276 3441 ter,
289 3381 343 3443 per
355 3379 423 3422 suas
436 3359 467 3420 in
479 3358 566 3420 simili
578 3358 676 3419 forma
689 3358 792 3418 Brevis
802 3357 849 3418 die
863 3370 880 3419 6
893 3357 1034 3419 februarii
1051 3370 1136 3419 1626.
1152 3358 1311 3438 expeditas
1319 3357 1374 3418 lit-

219 3469 300 3521 teras
310 3455 574 3537 Cougregationem
585 3456 724 3515 Fratrum
736 3455 983 3515 Conventualium
994 3454 1239 3516 Reformatorum
1250 3453 1374 3516 afelicis

219 3555 372 3617 memoria
393 3554 476 3615 Sixto
490 3552 572 3632 Papa
585 3553 622 3611 V.
640 3550 742 3611 itidem
762 3551 981 3612 Praedecessore
999 3558 1103 3613 nostro
1123 3551 1303 3612 solemnitor
1317 3569 1375 3631 ap-

218 3641 395 3734 probatam,
415 3657 445 3712 et
462 3648 596 3730 pluribus
619 3648 770 3710 beneficiis
780 3695 788 3726 ,
809 3668 844 3710 ac
862 3648 1012 3709 favoribus
1030 3655 1170 3726 auctam,
1191 3666 1229 3708 ex
1248 3665 1288 3708 co
1304 3650 1377 3727 quia

220 3769 258 3810 ex
272 3747 419 3830 predictis
430 3745 587 3817 ¹Fratribus
602 3744 620 3806 ii
642 3744 672 3804 in
684 3745 817 3806 Ecclesia
834 3745 887 3805 Dei
901 3744 1069 3824 spirituales
1088 3744 1205 3806 fructus
1219 3763 1282 3806 non
1300 3764 1376 3824 pro-

221 3843 346 3919 dierint,
360 3844 421 3902 imo
435 3839 629 3921 quamplures
640 3838 813 3900 differentia
825 3839 901 3900 inter
912 3840 1035 3900 eosdem
1049 3843 1173 3902 Fratres.
1182 3848 1376 3903 conventua-

220 3941 264 4001 lcs
276 3940 464 4001 Reformatos
474 3983 482 4015 ,
504 3955 539 3998 ac
552 3940 670 3998 Fratres
688 3936 903 3998 Conventualcs
924 3953 985 3997 non
1004 3935 1195 3998 Reformatos
1216 3944 1292 3999 ortae
1306 3937 1376 3999 fue.-

220 4038 280 4098 rint
292 4084 300 4115 ,
321 4041 467 4118 perpetuo
490 4035 669 4114 suppressit,
693 4053 729 4095 ac
749 4034 873 4095 extinxit
895 4057 901 4095 :
932 4036 1061 4110 Domm,
1082 4034 1274 4112 Conventus,
1288 4035 1375 4106 loca,

221 4124 447 4216 supellectilem,
464 4133 556 4209 bona,
571 4151 631 4210 res,
645 4133 789 4208 actioneS,
802 4138 834 4192 et
846 4132 915 4209 jura
926 4130 962 4192 ad
978 4130 1153 4210 praedictam
1163 4131 1377 4211 Congrogatio

222 4251 291 4293 nem
301 4231 476 4312 spectantia,
489 4228 590 4291 Ordini
604 4231 744 4291 Fratrum
756 4229 908 4290 Minorum
917 4230 947 4290 S.
960 4228 1110 4290 Francisci
1123 4230 1375 4291 Conventualium

223 4328 378 4405 concessit,
398 4335 427 4388 et
441 4327 612 4406 assignavit,
629 4326 760 4406 exceptis
772 4331 890 4386 tantum
902 4327 994 4386 domo
1011 4326 1226 4406 Neapolitana,
1238 4334 1270 4387 et
1281 4327 1376 4405 domo

223 4424 322 4483 Sancti
336 4423 457 4484 Antonii
475 4423 513 4484 de
531 4423 635 4485 Padua
648 4429 821 4503 nuncupata
840 4422 975 4511 deUrbe
985 4460 993 4501 ,
1005 4440 1097 4503 quam
1110 4428 1301 4503 postremam
1316 4426 1374 4484 Ca-

223 4539 311 4584 merae
324 4522 500 4601 apostolica
514 4520 688 4603 applicavit,
700 4527 730 4581 et
740 4519 958 4599 incorporavit,
969 4537 1088 4597 suaque
1100 4537 1286 4600 suorumque
1301 4539 1373 4601 suo-
