3188 5414
477 499 657 554 EPlSTOLAE
675 498 722 554 ΕΤ
738 499 871 555 BREVIA
892 498 1125 554 SELECTlORA.
1324 507 1375 556 Ἀθ

228 622 309 667 mur,
327 603 507 683 Huiusmodi
521 594 658 666 nostrum
672 609 803 684 paterno
818 603 952 665 caritatis
967 621 1090 664 sensum
1104 610 1306 665 consentanea
1320 606 1375 666 lc-

228 702 300 765 titiae
314 690 491 782 magnitudo
507 707 631 782 propter
642 701 812 789 restitutam
825 699 1027 772 valetudinem
1045 704 1130 761 tuam
1141 705 1188 760 est
1200 707 1373 762 consecuta.

228 803 392 883 Propterea
414 799 580 877 maximas,
603 805 638 860 ut
659 799 821 876 debemus,
841 802 903 861 Deo
925 798 1036 879 gratias
1055 797 1231 876 reddimus,
1245 816 1375 878 eumque

225 897 313 960 enixe
328 915 501 979 precamur,
514 903 719 979 perpetuoque
730 898 880 978 precaturi
894 904 1018 974 sumus,
1034 903 1067 958 ut
1081 895 1237 973 stabilem,
1255 913 1291 957 ac
1305 895 1375 956 diu-

225 1003 349 1058 turnam
368 995 603 1077 pulcherrimam
623 995 703 1057 banc
722 995 919 1082 iucunditatis
932 1001 1041 1056 nostra
1059 1008 1183 1055 causam
1206 1010 1270 1053 esse
1290 992 1372 1054 velit.

224 1093 313 1167 Quod
327 1093 447 1172 scribis,
467 1092 619 1154 carissime
640 1093 670 1154 in
686 1093 802 1155 Christo
816 1093 869 1155 Fili
884 1097 1006 1168 noster,
1030 1097 1131 1169 gratas
1145 1088 1199 1150 tibi
1214 1088 1304 1150 fuisse
1323 1107 1374 1150 eas

223 1186 435 1250 benevolentia
445 1195 554 1251 nostrae
565 1178 795 1269 significationes
807 1235 815 1266 ,
825 1196 861 1251 tu
871 1188 995 1270 quidem
1003 1192 1194 1268 peramanter
1208 1191 1238 1245 et
1250 1203 1306 1264 pro
1321 1190 1374 1246 tua

222 1286 254 1347 in
268 1304 324 1348 nos
337 1287 436 1349 mutui
448 1286 541 1349 animi
552 1280 768 1349 consuetudine
778 1285 864 1349 facis
879 1287 957 1348 Nam
971 1282 1153 1346 etsieaedcm
1165 1282 1261 1359 leves,
1274 1277 1373 1362 neque

186 1435 188 1438 ,
222 1383 347 1444 omnino
365 1401 455 1464 pares
478 1382 594 1444 eximie
612 1388 721 1445 nostra
738 1383 770 1445 in
789 1389 819 1444 te
833 1381 980 1446 voluntati
995 1398 1060 1442 esse
1074 1385 1252 1460 potuerunt,
1271 1386 1373 1461 tamen

221 1472 347 1539 minime
361 1477 534 1539 dubitamus
545 1495 582 1561 co
596 1477 698 1564 animo
711 1497 729 1540 a
741 1484 772 1540 te
784 1497 849 1541 esse
862 1482 1013 1559 acceptas,
1027 1494 1089 1557 quo
1102 1475 1221 1536 aNobis
1232 1475 1373 1556 profectae

224 1581 311 1656 sunt,
330 1573 473 1635 nimirum
492 1575 536 1659 tui
561 1574 793 1659 studiosissimo,
815 1582 932 1656 tuaeque
952 1572 1071 1650 salutis,
1091 1571 1256 1643 felicitatis
1272 1573 1373 1652 gloriae

221 1670 427 1758 cupidissimo.
449 1672 635 1753 Largitorem
652 1692 688 1735 ac
702 1673 816 1736 iontem
833 1674 984 1736 bonorum
998 1672 1135 1734 omnium
1155 1671 1324 1750 flagitamus
1339 1678 1373 1734 ut

220 1773 303 1844 vota,
320 1786 356 1828 ac
370 1767 518 1850 desideria
530 1773 634 1830 nostra
652 1775 720 1830 rata
740 1769 886 1849 firmaque
904 1769 1036 1844 habeat,
1051 1774 1141 1847 teque
1156 1768 1289 1828 cumulet
1304 1786 1372 1828 am·
1460 1845 1462 1848 Α

222 1863 367 1944 piissimis
378 1864 484 1945 divine
497 1864 688 1944 benignitatis
702 1866 897 1940 muneribus,
913 1884 979 1945 qua
999 1864 1121 1945 optimis
1140 1864 1261 1944 regibus
1280 1871 1370 1944 atque

222 1960 429 2043 adrcligionis
450 1952 641 2025 sanctitatem
661 1964 786 2025 consilia
802 1982 856 2024 sua
875 1962 1090 2042 dirigentibus,
1111 1961 1258 2040 impertiri
1278 1961 1369 2034 solet,

220 2066 311 2141 atque
329 2067 436 2140 augeat
448 2061 572 2141 Regiam
583 2063 828 2134 Domum'tnam‚
841 2064 970 2141 tuosque
987 2059 1121 2140 egregios
1134 2059 1277 2136 Liberos,
1296 2078 1372 2139 quos

220 2171 257 2219 co
273 2157 439 2239 impensius
453 2175 608 2236 amamus,
621 2176 683 2239 quo
697 2159 752 2220 tibi
763 2156 919 2220 similiores
929 2156 994 2220 esse
1008 2156 1227 2237 cognoscimus.
1242 2158 1370 2218 Domum

219 2254 251 2315 in
262 2254 384 2317 uberius
393 2254 552 2336 pontificia.
560 2255 692 2317 caritatis
700 2254 808 2337 pignus
817 2254 1012 2336 apostolicam
1022 2253 1265 2315 benedictionem
1274 2254 1371 2332 Regiae

222 2352 370 2432 Maiestati
385 2355 456 2414 Tua
475 2353 582 2415 intimo
592 2353 709 2434 paterni
723 2351 822 2414 cordis
835 2370 925 2414 sensu
943 2351 1146 2413 amantissime
1168 2349 1368 2430 impertimur.

227 2455 337 2515 Datum
352 2453 462 2525 nome,
474 2459 541 2524 ete,
553 2454 602 2513 die
618 2464 655 2513 18¹
656 2455 733 2529 julii
751 2452 1039 2530 anapauomenen
1050 2453 1148 2510 nostri
1160 2467 1237 2510 acac
1249 2455 1366 2526 quarto.

737 2692 841 2762 CCVI.

634 2851 825 2892 vnnnnsnrnr
849 2849 960 2892 rusam

357 2956 589 3023 HIERONYMO
610 2955 911 3017 ARCHIEPISCOPO
931 2952 1238 3049 sanlsculaultusr

535 3074 768 3155 CLEMENS
795 3077 927 3155 PAPA
953 3075 1060 3153 XlV.

1006 3227 1099 3284 Romae,
1120 3229 1128 3270 ι
1143 3221 1317 3284 augusti1772.

262 3335 462 3404 Venerabilis,
485 3339 540 3395 etc.
569 3332 663 3394 Nobis
685 3332 802 3394 indiciis
830 3338 1023 3412 perspectum
1041 3329 1099 3408 ,cibi
1129 3346 1194 3390 esse
1218 3327 1368 3390 voluimus

221 3431 488 3513 propensissimam
499 3436 635 3501 nostram
649 3449 720 3510 erga
738 3435 769 3490 te
781 3421 968 3489 voluntatem
988 3427 1019 3488 in
1033 3425 1224 3488 concedenda
1244 3433 1367 3505 quama

218 3528 311 3590 Nobis
324 3528 481 3609 postulasti
495 3528 636 3591 facultate
654 3525 802 3589 retinendi
816 3525 1046 3605 Praeposituram
1060 3525 1091 3585 S.
1104 3523 1234 3586 blanritii
1249 3525 1366 3603 Augus-

218 3634 272 3704 ta,
285 3632 316 3688 et
330 3625 528 3688 canonicatus
539 3625 773 3699 Passavienscm,
786 3628 817 3683 ct
831 3617 1071 3698 Olomuccnsem,
1084 3639 1177 3701 quam
1188 3619 1365 3681 facultatem

217 3724 412 3786 libentissime
426 3721 616 3784 Fraternitati
635 3728 693 3783 tue
706 3718 850 3800 impertiti
861 3711 926 3796 jam
937 3736 1057 3796 sumus,
1071 3718 1107 3777 ad
1118 3717 1260 3779 ulteriora
1269 3715 1364 3776 'etiam

219 3842 302 3904 aeque
321 3822 459 3897 libenter,
474 3820 499 3881 si
518 3838 594 3900 opus
614 3819 723 3898 fuerit,
750 3808 938 3900 processuri,
960 3832 1031 3877 cum
1050 3814 1174 3877 minime
1193 3813 1364 3876 dubitemus

216 3916 363 3997 praeclara
373 3927 426 3978 tua
440 3917 513 3978 item
533 3915 631 3977 studia
643 3915 745 3977 futura
758 3915 788 3977 in
800 3912 961 3995 pontificiis
979 3911 1088 3974 nostris
1097 3912 1230 3990 juribus,
1245 3928 1313 3990 quae
1325 3910 1364 3970 ad

217 4014 410 4076 canonicatus
423 4011 598 4074 collationes
609 4011 774 4092 pertinent,
791 4008 953 4072 retinendis
966 4009 1112 4089 sertisque
1126 4027 1162 4070 ac
1175 4007 1260 4069 tectis
1273 4013 1365 4068 tuen>-

217 4111 274 4172 dis.
290 4111 376 4186 Quod
396 4110 502 4172 scribis
516 4109 554 4170 de
572 4115 625 4171 tua
644 4108 675 4169 in
695 4110 755 4172 Nos
769 4108 896 4185 fiducia,
915 4107 1007 4168 Nobis
1021 4103 1073 4168 ¹est
1089 4103 1361 4184 jucundissimum,

218 4219 249 4273 et
265 4210 320 4272 tibi
333 4228 511 4292 persuasum
524 4227 589 4271 csse
602 4207 741 4289 cupimus
757 4228 814 4271 nos
830 4226 950 4288 semper
960 4203 1239 4268 benevolentissime
1252 4221 1363 4284 excep-

217 4314 320 4383 turos,
336 4325 402 4386 que
424 4312 487 4368 ate
499 4304 672 4384 offerentur,
684 4311 715 4368 et
728 4311 882 4387 pergratas
893 4304 986 4365 Nobis
999 4321 1106 4365 omncs
1124 4300 1362 4381 opportunitates

217 4403 334 4465 futuras
342 4450 351 4481 ,
370 4404 479 4485 quibus
490 4403 543 4465 tibi
559 4402 743 4466 manifestius
753 4404 784 4465 in
798 4402 862 4464 dies
874 4419 938 4464 csse
952 4402 1060 4483 possit,
1073 4417 1166 4480 quam
1181 4397 1290 4460 eximia
1303 4398 1362 4460 sint

216 4509 345 4579 paterne
362 4507 471 4564 nostrae
488 4519 558 4580 erga
581 4508 611 4563 te
633 4501 765 4564 caritatis
780 4498 889 4561 studia.
906 4501 939 4559 ln
960 4499 1044 4577 eujus
1067 4495 1250 4558 luculentius
1270 4513 1361 4573 argu-
