3188 5414
242 489 292 539 ³08
673 482 875 540 CLEMENTIS
893 483 957 537 xlv

240 591 341 667 triam,
360 608 421 668 qua
434 595 551 652 aterne
571 588 707 650 omnium
723 590 903 670 populorum
921 587 1009 649 saluti
1030 589 1165 666 satagere
1182 604 1219 646 ex
1243 586 1384 666 imposito

239 685 332 747 Nobis
345 703 470 748 munere
480 685 642 763 dehemus,
658 685 854 748 adhibituros.
870 683 993 746 Interim
1008 682 1101 745 Nobis
1114 688 1161 744 est
1177 682 1387 762 gratissimum,

237 791 266 844 te
277 799 333 864 pro
348 783 431 863 regio
442 789 495 845 tuo
507 783 845 865 munificentissimoque
860 783 961 846 animo
977 782 1198 863 paratissimam
1212 801 1278 845 esse
1293 783 1332 844 ad
1348 803 1383 845 ea

236 882 369 944 subsidia
380 881 549 959 tribuenda,
565 901 600 943 ac
614 881 794 962 praestanda,
811 900 877 961 quae
891 879 1021 961 plurima
1036 886 1117 941 certe
1136 879 1281 959 propositi
1293 881 1384 960 perir

235 979 332 1040 ciendi
346 979 422 1040 ratio
434 977 609 1058 postulabit.
626 980 723 1057 AEque
735 977 828 1038 Nobis
842 983 982 1057 pergrata
994 975 1049 1036 luit
1062 976 1213 1056 prudens,
1227 983 1316 1056 atque
1328 996 1383 1057 op

236 1083 364 1158 purtuua
384 1095 402 1137 a
423 1076 578 1154 Majestate
592 1078 657 1136 Tua
676 1093 749 1136 cura
772 1080 910 1155 suscepta
925 1093 963 1136 ne
986 1092 1022 1135 ea
1043 1073 1106 1134 lieri
1118 1092 1195 1152 aegre
1212 1092 1247 1134 ac
1261 1081 1382 1153 gravate

179 1174 182 1182 '
236 1173 353 1236 tinitimi
374 1172 526 1254 principes
547 1172 655 1235 ferant.
673 1174 786 1233 Verum
808 1178 841 1232 ut
863 1174 925 1233 Deo
944 1172 1103 1250 adjuvante
1121 1172 1254 1234 stabilire
1267 1173 1382 1252 possint

234 1269 298 1331 haec
313 1269 558 1348 omnia,suoque
578 1275 713 1350 tempore
726 1267 830 1347 pertici
855 1268 905 1329 illa
930 1268 1099 1329 animorum
1118 1269 1333 1347 consensione,
1351 1280 1381 1331 et
1415 1324 1418 1330 .

231 1363 317 1439 juxta
331 1364 412 1426 illam
427 1364 636 1425 ecclesiastices
648 1363 885 1425 mansuetudinis
896 1371 928 1424 et
939 1364 1072 1426 caritatis
1086 1365 1194 1443 legem,
1208 1384 1275 1445 quae
1289 1366 1319 1426 in
1334 1367 1380 1426 his

234 1460 364 1522 consiliis
384 1460 536 1540 capiendis
554 1461 726 1540 requiritur,
748 1461 822 1522 alias
845 1461 937 1522 etiam
960 1481 979 1523 a
1000 1463 1157 1541 ltlajestate
1180 1466 1248 1525 'lua
1272 1465 1378 1544 suscipi

182 1598 186 1616 .
235 1562 324 1636 atque
338 1556 459 1635 adjungi
469 1561 608 1636 oportere
615 1560 716 1636 partes
727 1555 877 1634 ducimus,
890 1561 979 1636 atque
989 1557 1064 1618 adeo
1074 1557 1224 1638 cupimus,
1237 1557 1379 1619 nimirum

234 1640 267 1714 ut
285 1672 377 1735 opera
398 1661 450 1715 tua
472 1655 631 1735 episcopus
649 1653 873 1715 Ratisbouensis
895 1654 1018 1734 ejusque
1038 1654 1169 1717 ecclesiae
1194 1655 1380 1735 capitulum,

174 1786 179 1798 ,
234 1752 282 1813 alii
297 1751 369 1814 item
382 1753 530 1833 episcopi,
543 1770 667 1832 queque
685 1751 813 1831 insignia
825 1757 910 1829 sunt,
923 1751 1055 1832 capitula
1073 1752 1291 1814 canonicorum
1304 1773 1377 1834 quos

233 1852 357 1931 propius
367 1851 497 1931 attingit,
515 1858 545 1913 et
563 1870 694 1933 quorum
707 1848 837 1912 maxirhe
857 1849 980 1912 interest
1000 1868 1129 1931 praesens
1147 1869 1254 1912 earum
1269 1851 1378 1913 dioece-

233 1949 310 2011 sium
324 1956 431 2027 status,
446 1968 531 2031 aequo
550 1952 622 2012 item
636 1969 672 2013 ac
684 1949 787 2011 libenti
797 1948 898 2010 animo
908 1966 959 2009 eas
972 1947 1198 2009 immutationes
1214 1948 1377 2033 accipiant,

231 2051 301 2110 Haec
314 2049 487 2126 habuimus,
501 2068 567 2129 quae
578 2049 607 2109 in
621 2046 778 2128 presentia
791 2045 829 2106 ad
840 2052 871 2106 te
882 2044 1151 2125 perscriberemus3
1165 2041 1308 2108 ceterum
1318 2049 1378 2108 lla

231 2145 328 2223 jestati
342 2149 412 2206 'lue
432 2146 692 2226 persuasissimum
712 2162 777 2206 esse
793 2143 931 2203 volumus
952 2141 1025 2204 nihil
1046 2142 1139 2204 Nobis
1157 2161 1223 2204 esse
1246 2145 1377 2224 optatius

231 2262 323 2324 quam
338 2243 411 2305 dum
426 2244 478 2304 Dei
496 2244 621 2323 gloriam
640 2242 830 2323 potissimum
844 2246 1065 2316 consectamur,
1079 2246 1112 2300 ut
1123 2246 1181 2301 tuae
1193 2257 1257 2303 uua
1270 2242 1378 2304 voluu-

230 2341 284 2402 tati
298 2341 390 2402 divini
402 2343 501 2403 cultus
515 2341 741 2403 studiosissime
763 2339 992 2418 satisfaciamus,
1007 2339 1110 2420 tuique
1131 2340 1264 2402 nominis
1278 2333 1375 2417 laudi,

231 2456 266 2499 ac
284 2439 465 2519 populorum
485 2445 607 2500 tuorum
626 2435 746 2498 utilitati
764 2436 967 2498 consulamus.
992 2439 1119 2498 Demum
1137 2437 1170 2499 in
1186 2438 1377 2501 manifestius

231 2543 439 2617 argumentum
453 2554 577 2598 summe
589 2535 759 2616 pontificia,
771 2552 807 2596 ac
819 2538 950 2614 paternae
961 2534 1094 2596 caritatis
1110 2553 1172 2616 qua
1186 2540 1217 2597 te
1230 2542 1376 2618 tuamque

230 2636 395 2715 Augustam
411 2635 541 2695 Domum
556 2633 776 2714 prosequimur,
793 2630 988 2712 apostolicam
1004 2631 1246 2694 benedictionem
1263 2636 1378 2713 Majes·

229 2734 430 2814 taliqueTuae,
443 2738 559 2813 tuaque
567 2729 814 2812 universaRogiae
819 2727 952 2816 Familia
958 2729 1162 2795 amantissime
1170 2732 1374 2814 impertimur.

227 2833 339 2892 aarum
355 2831 466 2902 Rome,
481 2831 570 2913 opud
580 2830 723 2891 Sanctam
739 2832 868 2891 Martum
884 2831 1039 2906 Mcjurem,
1063 2832 1117 2891 sub
1129 2831 1251 2892 Annulo
1262 2832 1377 2892 Pisca-

227 2931 310 3002 toris,
323 2928 373 3003 dte
385 2937 418 2988 21
439 2930 514 2988 maii
531 2913 617 3005 irat,
626 2916 818 3005 pontificatus
831 2929 925 2988 uestri
939 2943 1017 2988 uarro
1032 2934 1129 2989 seete.

718 3150 868 3222 cclxx.

664 3308 809 3350 nicaenis
831 3309 927 3351 rinus

364 3412 563 3485 PRAETORI,
592 3414 778 3491 SENATIH,
807 3415 856 3476 ΕΤ
881 3414 1056 3475 CONSILIO
1078 3416 1223 3476 mntem

454 3527 610 3576 mannis
632 3530 670 3577 nr
692 3530 890 3579 uniruunrca
911 3530 1135 3592 uucnnnnnsrs,

398 3624 401 3629 ’
496 3631 767 3713 ‘CLEMENS
803 3636 933 3712 PAPA
967 3636 1084 3712 XIV.

1011 3789 1205 3850 llomau,21mai
1222 3792 1292 3840 1774.

259 3892 383 3960 Diteett,
394 3898 450 3951 etc.
461 3891 584 3953 Minime
595 3893 696 3955 mirari
712 3893 837 3972 debetis,
854 3893 956 3958 dilecti
965 3894 1030 3974 filii,
1041 3898 1123 3977 quod
1136 3897 1247 3960 litteris
1263 3901 1370 3962 vestris

219 3986 267 4063 die
281 3998 319 4049 24
333 3987 471 4067 preteriti
491 3990 668 4069 septembris
690 3991 729 4053 ad
741 3994 802 4054 Nos
819 3993 898 4056 datis
914 3995 1095 4076 respondere
1109 3996 1298 4076 aliquamdiu
1311 3999 1369 4061 dis·

218 4084 383 4147 tulerimus.
400 4087 443 4147 Ea
457 4085 537 4146 enim
554 4087 585 4148 in
606 4087 664 4151 illis
677 4088 875 4172 postrdabatis
888 4092 928 4156 ob
945 4111 1011 4173 que
1030 4093 1254 4174 expectandum
1275 4097 1368 4158 Nobis

218 4187 298 4258 erat,
311 4185 345 4242 nt
356 4181 500 4244 certiores
509 4189 596 4246 antea
607 4185 802 4249 redderemur
816 4188 984 4250 executioni
997 4190 1157 4252 mandatas
1172 4190 1264 4253 isthic
1274 4192 1367 4254 fuisse

217 4283 334 4339 nostras
353 4279 533 4359 apostolicas
544 4281 669 4362 litteras,
682 4284 712 4346 in
732 4284 841 4366 quibus
861 4286 1012 4350 societatis
1023 4291 1096 4351 lesu
1109 4287 1250 4351 ordinem
1259 4291 1368 4370 justis·

217 4374 299 4435 simis
313 4377 441 4456 permoti
462 4381 561 4441 causis
579 4383 789 4463 abolebamus;
806 4384 888 4463 quod
908 4385 1031 4466 quidem
1047 4388 1128 4468 apud
1143 4406 1197 4449 vos
1220 4388 1367 4452 ellectum

216 4489 279 4536 esse
289 4474 413 4554 tardius,
428 4497 520 4558 quam
535 4479 563 4539 in
584 4480 648 4546 aliis
668 4484 806 4545 catholici
822 4484 903 4545 orbis
921 4487 1057 4565 partibus
1067 4487 1266 4567 postmodum
1278 4489 1367 4551 inlel-
