3188 5414
244 455 297 532 ro'e
475 433 478 443 ⁵
673 475 879 532 mansuris
895 475 961 530 xiv
1049 528 1053 535 .

241 589 344 670 nostra
357 599 478 667 quoque
490 600 582 644 eausa
591 583 735 643 rellatum
746 582 776 643 id
784 600 849 644 esse
860 577 1033 642 arbitraturi
1045 576 1150 641 amru.
1161 574 1298 639 Eandem
1310 574 1398 667 illam

241 667 391 741 etiam'sui
404 678 536 740 muneris
549 685 667 760 partem
681 676 905 758 diligentissime
916 675 1071 739 obiturum
1090 671 1284 754 confidimus,
1299 690 1399 752 quarn

241 776 297 858 ipsi
309 763 458 859 precipue
470 765 751 853 mandavimus‚'ut
770 774 1026 838 cmnulatissin'ros
1040 773 1155 839 scilieet
1166 778 1301 853 pateruae
1319 791 1397 857 uos-

240 879 293 933 tre
307 873 440 964 caritatis
451 891 555 936 sensus
565 872 797 936 luculentissime
810 872 969 935 confirmat
980 870 1131 952 blajsstati
1143 872 1232 948 Tua,
1243 869 1294 933 cui
1304 888 1397 953 apos-

239 974 362 1059 tolicam
374 973 613 1037 benedictionem
626 972 833 1035 amantissime
842 970 1043 1052 impertimur.
1059 972 1171 1034 mrum
1183 970 1306 1040 Rorace,
1318 976 1396 1046 ete,

239 1071 291 1131 die
303 1074 409 1151 primo
424 1070 600 1150 septembris
616 1074 704 1161 tito,
715 1071 910 1148 pontificatus
922 1070 1110 1131 rwstrt'oaao
1117 1065 1257 1129 amado.

275 1202 348 1263 ldam
359 1220 417 1281 arg.
432 1207 555 1278 Regina,
568 1203 721 1263 letantibus
732 1204 846 1275 Portug.
862 1211 915 1263 etc.

718 1355 901 1369 Ἀ

739 1483 881 1554 xcvlll.

619 1667 750 1710 blubc'ro
773 1668 858 1710 Flblo
882 1668 1002 1710 Nos'rllo
1192 1726 1195 1730 ⁴
1223 1728 1227 1734 ⁵

140 1827 144 1838 .
262 1759 264 1761 ’
373 1775 539 1834 nrorsro
570 1740 837 1835 cousrlarruo
868 1772 1030 1834 silucris
1061 1770 1237 1832 rourum

434 1915 590 1964 acclama
607 1917 811 1995 Passarrsuo
824 1915 993 1965 GARDlNALl
1009 1914 1052 1961 DE
1067 1914 1177 1963 110}le

584 2042 737 2092 EPISGOPO
752 2041 1029 2092 ARGENTORATENSI

509 2157 770 2244 CLEMENS
806 2168 940 2244 PAPA
976 2165 1094 2243 XIV.

940 2337 1037 2394 Roma,
1051 2339 1078 2384 19
1091 2333 1233 2397 septembris
1247 2338 1315 2384 1770.

269 2457 398 2529 Dilecta,
413 2466 470 2520 etc.
487 2460 521 2519 ln
534 2458 570 2519 iis
588 2458 755 2521 actionibus
767 2458 839 2535 tuis,
856 2457 1037 2538 dequibus,
1050 2474 1144 2538 quam
1161 2463 1253 2536 gratae
1266 2457 1386 2519 scilicet

229 2553 321 2617 Nobis
331 2560 419 2635 teque
430 2555 527 2636 dignae
535 2555 657 2634 luerim,
665 2554 895 2634 significavimus
904 2554 957 2615 tibi
969 2573 1023 2636 per
1035 2553 1237 2617 venerabilem
1250 2553 1387 2616 fratrem

228 2651 398 2714 iohannem
409 2652 576 2733 Baptistarn
590 2651 857 2735 Archiepiscopum
874 2651 965 2713 lconii
987 2658 1138 2728 nostrum,
1156 2658 1186 2713 et
1205 2651 1383 2732 apostolicae

142 2761 144 2764 ⁴
228 2747 312 2813 Sedis
322 2749 361 2810 ad
372 2750 514 2812 'fractum
524 2748 620 2811 Rheni
629 2748 814 2811 ordinarium
824 2748 986 2827 Nomium,
995 2755 1089 2829 tuque
1099 2748 1208 2811 deinde
1217 2748 1387 2820 uobiscum

226 2864 281 2926 per
290 2846 403 2919 litteras
412 2847 508 2930 egisti,
519 2866 580 2910 non
590 2865 763 2932 possumus,
775 2847 881 2910 dilecte
892 2848 934 2909 iili
945 2853 1060 2927 noster,
1071 2848 1102 2910 in
1112 2848 1306 2913 rescribendo
1314 2866 1385 2915 non

225 2941 312 3005 fateri
330 2945 488 3029 perspicue
507 2945 568 3008 Nos
592 2962 754 3026 agnoscere
777 2949 808 3008 et
823 2945 1042 3008 nobilissimum
1060 2945 1195 3007 animum
1218 2951 1323 3024 tuum,
1347 2956 1383 3011 at

224 3040 314 3119 plane
334 3049 569 3108 consentaneam
590 3042 760 3126 Episcopali
784 3043 968 3120 ministerio,
988 3042 1072 3124 quod
1085 3049 1171 3105 tanta
1192 3062 1264 3107 cum
1286 3044 1387 3110 lancie

223 3141 314 3218 geris,
327 3143 505 3222 sapientiam
521 3163 557 3206 ac
569 3144 722 3205 virtutem.
739 3146 802 3205 Hos
819 3144 858 3207 de
872 3150 903 3204 te
917 3162 1022 3205 sensus
1033 3161 1070 3207 ea
1087 3143 1194 3205 ceteris
1212 3143 1303 3206 rebus
1315 3146 1380 3208 tuis

220 3237 338 3314 jamdiu
354 3239 558 3320 percepimus,
574 3257 655 3301 nunc
672 3258 743 3300 vero
760 3241 906 3317 maiorem
925 3240 954 3301 in
969 3240 1096 3301 modum
1108 3239 1376 3319 confirmavimus,

223 3331 336 3414 tibique
347 3354 399 3397 eas
409 3335 562 3401 reddimus
572 3341 662 3415 atque
674 3335 821 3398 habemus
834 3337 956 3418 gratias,
967 3345 1002 3400 ut
1012 3339 1144 3417 maj0res
1152 3339 1285 3402 etiamin
1293 3339 1376 3419 dics,

223 3429 248 3490 si
259 3449 307 3493 res
323 3431 440 3514 tulerit,
456 3438 562 3494 actura
574 3432 636 3492 Nos
652 3449 717 3493 esse
730 3421 929 3495 confidamus
943 3437 987 3495 Ex
1004 3453 1066 3515 quo
1084 3434 1183 3512 vides,
1200 3435 1311 3501 dilecte
1330 3438 1381 3502 tili

221 3533 337 3605 noster,
349 3535 495 3608 quantam
510 3527 548 3588 de
559 3527 668 3589 virtute
682 3527 774 3590 animi
788 3527 833 3590 tui
848 3548 989 3609 geramus
1002 3529 1192 3611 opinionem,
1205 3531 1376 3612 quantique

220 3621 423 3708 episcopalem
437 3631 520 3686 tuam
536 3643 607 3705 erga
619 3626 699 3702 Nos,
714 3631 745 3687 et
766 3626 974 3707 Apostolicam
988 3626 1068 3688 banc
1080 3628 1189 3690 Sedem
1202 3630 1376 3694 obseruau-

220 3722 311 3799 tiam‚
323 3720 456 3785 studium
466 3741 503 3783 ac
516 3721 609 3784 tidem
619 3721 777 3785 suciamus.
787 3723 999 3785 Gratissimum
1010 3724 1103 3786 Nobis
1116 3725 1184 3802 erit,
1196 3724 1222 3786 si
1234 3725 1290 3787 tibi
1298 3743 1377 3806 per-
1413 3759 1419 3770 ·

220 3819 349 3885 suaseris
371 3838 476 3900 parem
497 3819 557 3882 tuis
576 3820 702 3902 egregiis
722 3839 758 3882 ac
778 3819 978 3900 singularibus
993 3821 1032 3883 ne
1047 3822 1181 3884 Ecclesia
1204 3823 1321 3886 meritis
1339 3824 1376 3887 in

219 3919 311 3980 Nobis
322 3936 388 3981 esse
404 3935 476 3997 erga
489 3923 519 3978 te
531 3917 700 3996 caritatem,
712 3919 799 3996 cujus
808 3918 926 3981 fructus
939 3920 1005 3999 tibi,
1019 3922 1271 4003 quotiescumque
1282 3923 1377 3987 lorus

218 4013 321 4092 tuerit,
336 4012 535 4097 amplissimos
548 4014 736 4094 pollicemur.
752 4017 796 4076 Ac
809 4015 840 4076 in
851 4015 944 4095 hujus
955 4016 1117 4079 Pontificia
1130 4036 1202 4098 erga
1217 4025 1248 4080 te
1259 4036 1372 4083 cumu-

216 4107 367 4175 latissimae
377 4109 539 4172 voluntatis
561 4111 669 4190 pignus
689 4111 888 4192 apostolicam
908 4113 1148 4175 benedictionem
1168 4114 1239 4192 tibi,
1258 4114 1376 4180 dilecte

216 4211 259 4273 fili
275 4221 388 4292 noster,
399 4218 591 4296 peramanter
609 4211 809 4292 impertimur.
828 4215 942 4274 Datum
953 4217 1063 4285 Rome,
1075 4225 1150 4287 etc,
1165 4217 1216 4277 (lie
1236 4227 1279 4278 ta.
1297 4235 1378 4295 sep-

217 4310 340 4374 tembris
358 4324 444 4390 tito,
455 4313 648 4390 pontificatus
661 4314 758 4372 castri
768 4328 849 4370 cano
862 4315 1002 4373 secundo.

697 4465 877 4481 --ψ
