3188 5414
310 503 344 552 si
655 479 659 484 '
742 497 948 553 mansuris
966 491 1031 552 xiv
1122 510 1124 514 ·

310 603 457 680 innititur,
478 603 554 663 inter
570 601 731 683 ques-iilud
748 602 933 683 praecipuum
947 601 1057 686 babet,
1073 607 1107 664 ut
1122 603 1165 668 Tc
1185 607 1328 688 tuamque
1340 602 1456 686 regiam

310 699 435 771 domum
448 699 573 778 mirifice
587 699 725 769 observet
738 717 773 763 ac
786 699 878 777 colat,
891 719 926 761 ac
940 700 1069 769 invicem
1082 700 1247 778 Maiestatis
1261 702 1334 764 Tuae
1344 719 1415 787 erga
1427 709 1457 763 te

310 796 451 876 singulari
465 795 652 866 humanitate
667 795 808 881 gaudeat,
825 799 857 858 in
870 814 961 878 quem
975 798 1076 878 itaque
1089 813 1271 879 propensam
1290 797 1384 860 habes
1404 817 1457 860 ie-

309 891 390 972 giam
402 894 589 964 voluntatem
602 897 686 961 tuam
699 938 706 970 ‚
719 899 760 960 ut,
770 892 850 963 idem
865 901 967 956 nostra
980 895 1072 964 etiam
1084 912 1176 962 cansa
1190 894 1243 954 tibi
1254 895 1457 974 commend&

310 991 444 1057 tissinms
456 999 546 1080 atque
564 993 790 1074 acceptissimus
808 993 864 1072 sit,
881 993 1028 1074 majorem
1040 993 1071 1054 in
1085 992 1212 1063 modum
1231 999 1292 1054 ate
1306 993 1457 1073 petimus,

310 1096 400 1171 teque
409 1096 554 1172 proterea
567 1106 720 1172 rogamus,
731 1099 765 1153 ut
776 1091 831 1172 ipsi
843 1097 946 1153 nostra
956 1109 991 1152 ac
1000 1089 1151 1170 religionis
1163 1089 1284 1173 negotia
1296 1095 1397 1151 tecum
1408 1109 1459 1176 ge

310 1189 387 1252 renti
404 1189 543 1261 eamdem
562 1189 654 1261 tidem
672 1187 795 1263 habere,
814 1205 907 1268 qnam
927 1186 952 1248 si
975 1186 1037 1253 Nos
1054 1186 1111 1268 ipsi
1128 1203 1232 1253 coram
1254 1186 1458 1274 loqueremur,

310 1275 394 1348 veiis.
407 1285 483 1357 iilud
495 1302 558 1367 prae
572 1286 688 1356 caeteris
699 1286 850 1365 cupimus,
865 1291 899 1355 nt
910 1300 1087 1367 persuasum
1096 1284 1154 1346 'tibi
1166 1284 1297 1354 maxime
1311 1284 1360 1361 sit,
1376 1286 1458 1372 quod

189 1427 191 1430 -
260 1368 263 1374 ’
312 1383 367 1464 ipsi
384 1384 534 1466 praecipue
547 1382 754 1446 mandandum
770 1382 922 1458 duximus,
934 1381 1075 1469 qnodque
1086 1381 1167 1453 idem
1184 1381 1222 1442 sd
1236 1383 1278 1441 Tc
1291 1380 1461 1464 diligentis

312 1481 387 1544 sime
409 1487 514 1545 nostro
537 1480 660 1544 nomine
674 1480 802 1556 deseret,
820 1499 894 1544 ,cum
913 1479 1028 1562 scilicet
1045 1485 1206 1560 paternum
1230 1486 1367 1548 nostrum
1387 1497 1460 1558 erga

311 1577 435 1658 Regiam
454 1578 642 1664 Maiestatem
654 1579 752 1640 Tuam
774 1595 840 1650 esse
854 1575 1004 1652 animum,
1030 1583 1064 1637 ut
1081 1576 1119 1641 ad
1135 1593 1287 1654 amorem,
1306 1576 1458 1655 studium,

313 1674 471 1758 pietatem,
484 1675 712 1756 veritatemque,
727 1674 972 1756 quaintiarmnati
988 1673 1018 1734 in
1031 1675 1074 1736 Te
1088 1692 1204 1752 sumus,
1216 1693 1335 1759 quaque
1346 1675 1460 1757 regiam

311 1776 441 1838 Domum
453 1781 550 1851 tuam,
565 1780 677 1855 tuaque
691 1774 792 1845 omnia
806 1772 1047 1854 complectimur,
1069 1773 1153 1842 nulia
1167 1772 1232 1834 tieri
1247 1772 1342 1853 possit
1356 1792 1461 1855 acces-

312 1870 368 1932 sio.
393 1873 468 1942 Cum
486 1870 597 1958 ipsium,
616 1870 640 1933 si
662 1878 771 1940 nostrae
787 1869 933 1940 voluntati
955 1869 1098 1956 obsequi,
1120 1875 1315 1950 nostramque
1335 1890 1406 1950 erga
1428 1891 1462 1932 sc

313 1968 496 2049 amplificare
509 1967 637 2048 goetiam
654 1968 756 2050 cupit,
773 1986 828 2038 sua
841 1986 912 2048 erga
929 1968 972 2029 'Pe
986 1967 1182 2029 observantiae
1199 1966 1395 2048 omniumque
1410 1969 1460 2029 oi-

312 2059 451 2136 ficiorutn
466 2063 636 2134 constantia
648 2065 745 2143 magis
763 2064 793 2125 in
812 2062 875 2129 dies
888 2063 1138 2135 confirmaturum
1151 2062 1183 2125 id
1203 2083 1268 2126 esso
1286 2082 1347 2126 nou
1367 2065 1460 2133 dubi-

312 2168 423 2230 tamus,
439 2161 538 2250 Atque
550 2166 586 2220 ut
597 2165 755 2240 paternam
768 2158 1008 2228 benevolentiam
1019 2160 1155 2221 nostram
1166 2160 1195 2221 in
1206 2157 1359 2244 subjectos
1369 2162 1461 2232 etiam
1490 2171 1494 2177 ’

313 2258 380 2319 Tibi
397 2257 528 2349 populos
541 2254 693 2326 demorare
708 2255 816 2335 possit,
832 2253 931 2324 cidem
944 2254 1090 2334 plurimas
1101 2255 1200 2334 largiti
1212 2274 1316 2322 sumus
1331 2258 1360 2317 in
1376 2259 1463 2337 spiri-v

313 2355 395 2422 tuate
414 2353 584 2425 animarum
598 2351 766 2419 subsidium
778 2351 948 2418 facuitates,
965 2355 1092 2422 Domum
1106 2351 1137 2412 in
1158 2353 1316 2438 singularis
1329 2363 1464 2434 pateram

313 2471 384 2532 erga
408 2448 451 2517 't'c
475 2451 609 2513 caritatis
627 2449 736 2534 pignus
761 2447 957 2530 apostblicam
979 2447 1219 2521 benedictionem
1241 2468 1333 2530 quam
1355 2451 1463 2522 divinae
1488 2501 1490 2505 Α

194 2603 196 2607 ,
315 2553 481 2632 praescr-tim
501 2551 605 2630 gratiae
619 2549 772 2629 auspicem
787 2567 852 2610 esse
870 2549 1010 2616 volumus
1021 2547 1088 2608 Tibi
1099 2594 1107 2624 ,
1120 2549 1278 2610 Carissimo
1300 2550 1330 2611 iu
1344 2552 1463 2614 Christo

316 2649 356 2709 iiii
372 2655 484 2725 noster,
504 2655 622 2736 tuasque
643 2647 731 2733 regiae
752 2646 873 2707 samiiiae
896 2645 1100 2716 amantissime
1124 2647 1324 2727 impertimur.
1348 2653 1462 2718 Datum

316 2749 428 2824 Romus,
441 2755 512 2820 etc,
529 2747 710 2832 tujanucrti
727 2755 814 2832 ltro,
825 2747 1018 2823 pontificatus
1032 2748 1125 2808 nostri
1139 2753 1337 2836 unooprimo.

796 2883 978 2906 -——-·r·

854 3006 922 3085 Lll.

628 3221 631 3227 ,
656 3178 904 3227 »insero-armo
926 3179 1032 3225 uuum
1052 3179 1126 3222 vano

668 3283 681 3301 ⁴
704 3290 838 3350 comui
859 3291 910 3348 nu
930 3290 1077 3353 onrnns

563 3424 656 3474 suuis
671 3414 863 3473 promissus
879 3373 1072 3471 sacrariam
1088 3423 1217 3482 scarus,
1290 3378 1293 3384 ¹

624 3531 858 3622 CLEMENS
885 3539 1015 3621 PAPA
1043 3537 1151 3614 XIV.
1195 3538 1198 3551 ’

610 3765 611 3769 ,
1065 3707 1159 3768 nomae,
1176 3682 1316 3765 rs‘jancarti
1333 3707 1399 3754 1770.

358 3814 485 3884 Ditecte,
501 3817 558 3878 etc,
573 3814 669 3886 Quam
686 3794 827 3873 eximiam
841 3811 934 3872 Nobis
951 3826 987 3872 uc
1003 3804 1173 3892 apostolica
1185 3811 1260 3885 huic
1274 3811 1337 3872 sedi
1347 3811 1464 3872 navasti

318 3927 442 3996 operam
463 3917 548 3973 tuam
564 3910 602 3971 ad
621 3909 784 3980 inermdam
808 3927 878 3972 cum
898 3909 1058 3972 carissimo
1080 3911 1112 3972 in
1133 3910 1250 3972 Christo
1275 3910 1339 3984 nito,
1358 3915 1465 3970 nostro

318 4007 895 4092 iosephoi'ortugalli‘aeetnlgarbiorum
905 4007 1177 4088 Regei'ideiissimo
1185 4005 1390 4082 concordiam,
1402 4004 1465 4066 imo

321 4107 357 4169 ad
366 4109 463 4170 multo
473 4104 595 4182 arctim,
606 4123 700 4185 quam
711 4124 845 4187 unquam
858 4105 927 4184 fuit,
941 4106 1052 4168 amoris
1062 4106 1227 4182 vincutum,
1238 4102 1320 4184 quod
1331 4102 1464 4170 maximo

319 4204 467 4284 cupimus,
480 4201 736 4281 adstringendum,
747 4203 853 4276 eadem
866 4221 947 4264 nuno
959 4204 1152 4291 venementer
1162 4202 1317 4264 innitimur
1332 4200 1371 4263 cd
1380 4216 1464 4261 com

319 4302 522 4366 mendandum
535 4301 602 4363 Tibi
613 4301 812 4364 venerabitem
825 4302 948 4364 botran
957 4303 1168 4365 *mnooentium
1177 4301 1217 4362 de
1227 4299 1395 4361 comitibus
1412 4316 1464 4358 ar-

314 4397 1463 4480 chiepiscopumtyriquemOrdinariumnostrumetapostoiicissedisNun·

320 4495 401 4557 cium
410 4493 508 4558 isthuc
519 4497 677 4559 mittimus.
687 4497 755 4569 Qua
765 4497 795 4558 in
807 4497 915 4560 eodem
923 4497 992 4574 sint,
1006 4515 1097 4577 quam
1108 4497 1255 4577 praeciarae
1266 4496 1356 4558 animi
1364 4494 1462 4570 dotes,
