3188 5414
397 450 579 530 ErtsvoLAE
598 479 644 533 ET
663 479 799 541 anavla
819 480 1052 536 SELECTiORA.
1192 468 1211 489 ⁸
1267 489 1298 539 ft

152 579 392 641 benedictionem
404 581 475 657 tibi,
490 581 597 647 dilecte
616 582 673 659 frti,
686 584 804 663 tuisque
821 584 963 646 fratribus
981 594 1171 666 peramanter
1186 588 1301 667 imper-

152 676 255 736 timur.
272 679 386 737 Datum
402 679 511 754 Romu,
536 688 605 756 ete,
628 682 677 740 dfe
699 692 715 741 a
735 689 855 759 augusti
876 694 962 761 stou,
986 687 1178 761 pontificatus
1204 691 1301 748 nostri

152 791 231 834 uano
244 791 356 852 primo.

674 920 767 1015 inni
857 1002 860 1009 .
930 936 932 943 '

469 1131 473 1137 .
596 1069 738 1143 DILEdTls
758 1065 868 1144 dualis⁴

147 1162 151 1169 ’
261 1202 430 1263 androni
451 1205 500 1263 nv
520 1205 798 1266 umvnnsnnnr
819 1179 952 1268 svunn
973 1175 1187 1269 emanans

557 1329 666 1378 OPPIDI
692 1329 898 1380 tovnmmcls
926 1335 929 1341 '

365 1421 367 1425 ’
462 1430 851 1543 cannensem
879 1434 988 1545 xiv.

864 1630 867 1635 >
928 1558 1027 1655 boma,
1039 1593 1155 1663 anagasti
1169 1597 1237 1644 ttaa.
1298 1570 1302 1582 ⁸

190 1688 313 1761 Dilecti,
328 1697 386 1751 etc¹
408 1692 550 1753 Vestrum
567 1690 775 1770 gratulationis
796 1691 930 1754 officium
949 1683 1121 1759 decollata
1135 1680 1301 1780 Nobia'di

150 1785 259 1849 vinitas
285 1788 441 1868 pontificia
461 1789 606 1870 dignitate
627 1808 683 1871 per
710 1791 825 1854 litteras
852 1790 1071 1868 observantiae,
1100 1789 1239 1873 pietatis,
1264 1809 1300 1852 ac

150 1885 220 1948 fidei
238 1885 270 1949 in
292 1874 490 1967 apostolicam
514 1889 593 1952 bana
621 1889 722 1952 sedem
743 1887 931 1970 plenissimas
951 1891 1118 1952 luculenter
1143 1894 1301 1968 peractum

151 1983 240 2044 nobis
256 1984 475 2064 gratissimum,
490 1994 522 2048 et
540 1985 624 2068 quod
643 2006 679 2048 ex
704 1987 805 2048 animo
826 1986 947 2048 fierine
967 2006 985 2047 a
1007 1986 1092 2048 vobis
1106 1991 1300 2066 perspectum

151 2078 327 2154 habeamus,
340 2081 465 2162 etquod
475 2082 514 2144 ad
526 2086 660 2168 nostram
678 2081 874 2147 muniendam
889 2082 1127 2145 imbecillitatem
1140 2087 1206 2143 tum
1216 2082 1301 2160 gravi

151 2175 316 2239 ministerio
336 2178 425 2258 plane
447 2179 595 2259 impuram
618 2195 723 2261 preces
746 2177 784 2239 ad
806 2177 1084 2241 misericordiarum
1098 2179 1224 2241 Patrem
1242 2177 1301 2243 ad-

146 2273 314 2352 junxeritia,
329 2277 430 2355 neque
444 2294 495 2338 aas
511 2294 567 2356 pro
584 2281 683 2337 vestro
701 2274 732 2337 in
747 2275 809 2337 Nos
821 2275 965 2354 singulari
984 2274 1083 2337 studio
1094 2321 1101 2353 ,
1112 2275 1195 2355 quod
1207 2274 1300 2359 vehe7

148 2376 265 2433 menter
275 2372 407 2452 petimus
420 2389 555 2454 unquam
569 2371 765 2433 intermissuri
780 2371 855 2433 sitis.
872 2372 949 2435 lllud
963 2391 1053 2453 porro
1066 2371 1250 2435 humanitati
1264 2392 1301 2447 ac

148 2469 252 2549 pietati
263 2476 368 2533 vestrae
381 2470 559 2548 tribuimus,
577 2468 660 2551 quod
673 2469 711 2530 de
727 2469 821 2532 Nobis
832 2477 898 2531 tam
913 2470 1012 2550 ample
1030 2471 1235 2552 benevoleque
1246 2473 1301 2551 ju-

148 2566 267 2647 dicetis,
282 2587 317 2631 ac
331 2568 528 2630 libentissime
544 2567 712 2649 excipimus
729 2573 828 2629 vestra
845 2565 884 2628 de
899 2566 993 2628 Nobis
1007 2574 1078 2628 vota
1095 2573 1186 2648 atque
1202 2570 1301 2651 auspi·
1318 2633 1321 2639 ,

149 2666 212 2742 cia,
227 2685 294 2745 quaa
307 2672 341 2728 ut
352 2672 419 2728 rata
431 2667 491 2729 sint
505 2686 524 2730 a
541 2667 593 2728 Dei
605 2666 718 2746 Optimi
738 2664 861 2728 Maximi
878 2664 1062 2744 benignitate
1080 2664 1238 2729 dumtaxat
1254 2674 1300 2752 est

147 2770 177 2825 et
188 2763 403 2843 postulandum
414 2769 444 2824 et
457 2761 688 2844 expectandum.
702 2762 788 2836 Quod
800 2780 871 2825 vero
889 2760 926 2823 de
940 2765 1044 2823 nostra
1060 2761 1091 2822 in
1105 2762 1235 2842 optimas
1248 2783 1299 2828 ar-

148 2868 194 2921 tes
222 2879 259 2921 ac
285 2861 434 2921 litteratos
456 2860 536 2920 viros
560 2858 769 2920 benevolentia
800 2845 1020 2938 atque'amorc
1045 2857 1161 2920 sentitis
1168 2905 1177 2937 ,
1204 2858 1235 2920 id
1258 2861 1299 2946 ita

149 2974 253 3017 verum
265 2975 330 3018 esse
346 2955 530 3032 existimate,
544 2961 578 3015 ut
595 2956 624 3015 in
638 2956 737 3015 nullos
751 2956 858 3034 maiori
874 2957 965 3017 animi
984 2957 1078 3018 nostri
1099 2956 1298 3038 propensione

149 3054 291 3132 feramur,
307 3072 400 3134 quam
418 3054 469 3134 qui
486 3053 596 3133 ingenii
616 3053 662 3114 sui
684 3059 811 3115 conatus
825 3072 929 3115 omnes
945 3054 983 3115 ad
1004 3054 1201 3116 sanctissimae
1215 3055 1299 3118 Reli-

145 3152 242 3232 gionis
258 3143 495 3214 incolumitatem
507 3171 543 3212 ac
556 3151 777 3216 incrementum
790 3158 1012 3214 converterunt.
1027 3153 1059 3212 ld
1070 3171 1122 3214 vos
1133 3171 1204 3214 cum
1215 3172 1299 3234 egre-

145 3253 192 3330 gie
209 3257 370 3334 praestare„
379 3269 415 3312 ae
421 3250 584 3336 pristinam
597 3249 679 3310 illam
691 3248 893 3310 univcrsitatis
914 3256 1021 3310 vestrae
1033 3249 1063 3310 in
1075 3250 1298 3314 benemerendo

130 3350 182 3414 ‘de
203 3349 344 3426 ecclesia,
369 3349 457 3411 ac‘de
476 3347 643 3430 apostolica
656 3347 715 3409 hac
737 3346 808 3411 sede
831 3347 908 3408 tueri
929 3344 1055 3426 gloriam
1076 3348 1295 3428 intelligamus,

146 3449 313 3529 perspicere
328 3447 416 3510 facilc
428 3446 553 3530 potestis
574 3453 735 3527 paternam
752 3452 889 3508 nostram
904 3446 936 3506 in
953 3465 1008 3510 vos
1021 3447 1297 3528 caritatemparem

146 3563 208 3606 esse
220 3547 260 3624 ei,
273 3565 365 3628 quarn
378 3547 414 3609 de
427 3546 540 3628 meritis
550 3545 655 3633 vestris
666 3544 826 3624 habemus,
839 3542 1163 3624 existimationi‚quanr
1173 3545 1296 3626 quidem

146 3644 309 3706 maximam
324 3664 388 3708 esse
401 3651 432 3707 et
444 3643 661 3726 amplissimam
675 3643 864 3724 profitemur.
887 3643 974 3721 Agite
991 3639 1092 3722 igitur,
1106 3642 1205 3704 dilecti
1226 3643 1294 3720 filii,

144 3760 259 3804 moram
272 3742 353 3805 hunc
366 3743 500 3805 vestrum
509 3742 647 3819 retinete,
656 3739 806 3821 novisque
816 3750 944 3820 semper
952 3739 1118 3818 laboribus,
1130 3747 1161 3801 et
1174 3741 1296 3802 laudem

144 3844 291 3918 vestram,
311 3846 341 3909 et
362 3845 496 3900 nostram
518 3838 548 3899 in
570 3855 623 3898 vos
643 3836 884 3898 benevolentiam
903 3834 1095 3915 amplificate.
1118 3838 1180 3896 Nos
1203 3854 1294 3912 sane,

142 3930 290 4014 quantum
306 3935 335 3997 in
352 3935 445 3996 Nobis
460 3934 532 4020 erit,
554 3932 829 4019 expromendorum
850 3931 984 4010 ejusdem
998 3932 1029 3993 in
1045 3952 1099 3994 vos
1114 3933 1294 3995 immolatis-

143 4030 217 4092 sime
232 4030 392 4112 fructuum
403 4031 621 4112 opportunitati
634 4031 763 4093 defuturi
774 4048 835 4092 non
852 4021 973 4108 sumna,¹
984 4047 1081 4110 neque
1092 4031 1215 4091 inanem·
1226 4049 1294 4093 ves.-

144 4128 266 4190 tr'amde
278 4133 404 4211 palerna
418 4136 522 4192 nostra
535 4130 718 4214 benignitate
731 4125 875 4194 fiduciam
892 4150 1025 4212 unquam
1034 4129 1190 4192 reddituri.
1202 4131 1251 4192 Ac
1262 4126 1294 4193 in

142 4223 232 4302 hujus
240 4224 348 4306 prolixi
357 4225 387 4287 in
398 4245 452 4288 vos
462 4225 552 4288 animi
562 4228 671 4309 pignus
683 4216 880 4310 apostolicam
887 4219 1127 4290 bededictionem
1136 4226 1232 4305 vobis,
1244 4229 1292 4290 di⁴¹

142 4320 211 4383 lecti
223 4321 288 4399 filii,
308 4341 343 4385 ac
356 4324 560 4388 vceleberrima
573 4321 760 4390 universitati
770 4331 873 4388 vestrae
879 4331 1075 4407 peramanter
1089 4324 1292 4406 impertimur}

142 4422 255 4506 butam
271 4424 390 4500 Rome,
409 4430 477 4505 etc,
496 4429 654 4505 anagasti
664 4429 759 4500 '1769²
772 4421 966 4503 pontificatus
980 4427 1169 4486 bactrianae
1181 4418 1290 4504 privam¹

1169 4598 1186 4646 2
1237 4587 1239 4591 ,
