3188 5414
646 509 933 567 corundunam

697 656 699 660 ’
718 647 862 762 nixu.

420 893 422 899 .
633 854 822 898 VENERABILI
843 855 953 896 FRATRI

368 930 562 1047 suberico
583 971 751 1032 rosmuo
772 970 956 1031 missoro
977 946 1221 1029 nnrsmonnm
1272 949 1324 958 ’
1374 1040 1379 1054 ¹

526 1102 774 1180 CLEMENS.
789 1103 918 1178 PAPA
947 1082 1053 1176 XIV.
1133 1141 1136 1147 ·

1005 1268 1104 1324 Romu,
1121 1270 1147 1315 19
1160 1263 1219 1323 iunii
1237 1267 1307 1342 illo.

265 1392 463 1461 Venerabilis,
477 1398 532 1452 ele.
543 1393 703 1471 Nunquam
717 1390 939 1470 Nobisquidem
949 1389 980 1450 in
993 1385 1171 1462 onimoluit,
1181 1383 1371 1446 Venerab'dis

221 1489 340 1564 luatur,
362 1493 480 1567 utssqua
498 1487 528 1549 in
552 1489 661 1550 alteros
681 1488 866 1550 conferimus·
879 1487 1041 1564 beneficia,
1062 1484 1249 1549 altoris-ullo
1274 1484 1370 1546 modo

221 1583 376 1657 ‹ibessent3
395 1602 431 1645 ac
445 1584 553 1664 siquid
566 1585 739 1664 huiusmodi
757 1584 835 1646 lorte
849 1584 992 1646 accidisse
1003 1583 1096 1645 videri
1117 1581 1230 1662 posn't,
1241 1599 1370 1660 opernm
1418 1621 1421 1626 ,

222 1681 301 1742 ineo
310 1679 462 1761 ponimns,
472 1688 511 1742 -ut
522 1666 727 1762 opportunum
738 1681 858 1761 aliqrrod
869 1684 1143 1762 temperamentum
1154 1677 1368 1753 adhibendus,

99 1825 103 1832 .
221 1795 256 1838 nc
266 1777 412 1858 equitatis
424 1795 563 1840 normam
578 1779 642 1841 sino
660 1779 790 1840 ullorum
805 1779 1172 1843 molestiaoonsactemur.
1185 1777 1368 1856 Huiusmodi

220 1893 300 1936 nunc
313 1876 391 1937 ratio
404 1879 464 1938 Nos
475 1878 570 1958 cogit,
584 1883 617 1939 ut
628 1896 699 1938 cum
712 1878 829 1958 pridem
843 1879 995 1941 canonicis
1009 1897 1045 1940 ao
1062 1877 1193 1958 capitulo
1204 1875 1377 1956 collegiatu-

162 2027 169 2038 ι
219 1973 356 2035 Ecclesia
367 1975 461 2037 beata
474 1975 573 2037 Mariae
585 1976 713 2055 Virginis
729 1977 897 2054 Menaeni,
914 1995 980 2057 quae
990 1975 1146 2038 ordinariae
1161 1981 1220 2036 tuse
1228 1974 1368 2052 jurisdic-

218 2075 292 2136 tioni
315 2075 434 2152 subest,
461 2094 540 2136 nova
566 2074 694 2136 vestium
713 2081 893 2144 ornamenta
917 2073 1174 2148 concesserimus,
1202 2076 1233 2131 et
1257 2090 1368 2133 ornare
1448 2084 1450 2088 ’

218 2180 303 2234 tanto
322 2173 417 2253 magis
438 2173 595 2254 cupiamus
611 2172 776 2253 capitulum
794 2172 875 2233 istud
895 2178 953 2232 tuae
975 2170 1156 2232 cathedralis
1169 2167 1368 2247 Frisiugensis

217 2268 371 2346 Ecclesiae,
386 2287 425 2329 ne
437 2269 550 2330 scilicet
559 2287 596 2329 en
614 2259 734 2330 sublato
751 2267 878 2348 pristino
892 2265 1021 2328 vestium
1034 2266 1112 2327 inter
1126 2270 1288 2344 utrumque
1301 2263 1368 2325 dis-

218 2367 344 2428 crimine
354 2367 523 2430 detractum
536 2366 650 2446 aliquid
663 2385 717 2447 per
731 2366 792 2426 Nos
808 2382 873 2427 esse
887 2355 1023 2425 videatur
1034 2363 1073 2424 ab
1085 2362 1176 2441 binius
1186 2379 1367 2442 ,quamne

218 2464 326 2525 liorem
346 2482 412 2526 esse
436 2463 648 2542 agnoscimus,
674 2462 829 2541 dignitate.
851 2460 979 2524 Proinde
999 2479 1060 2539 quo
1083 2459 1178 2537 magis
1201 2456 1364 2536 intelligas,

217 2565 364 2640 quantum
377 2560 509 2622 rationes
519 2565 625 2622 vestre
635 2557 728 2623 Nobis
740 2557 799 2620 sint
809 2556 894 2625 cordi
901 2601 910 2633 ,
922 2555 975 2617 tibi
984 2601 993 2633 ,
1003 2554 1189 2617 Venerabilis
1199 2555 1314 2628 Frater,
1329 2571 1367 2612 ac

217 2659 333 2720 dilectis
344 2658 413 2721 filiis
433 2659 517 2720 istius
535 2657 715 2721 cathedralis
726 2656 867 2720 Ecclesia
879 2656 1032 2719 canonicis
1046 2657 1200 2737 optionem
1218 2655 1365 2730 facimus,

218 2767 251 2820 ιιι
262 2759 342 2820 aliud
356 2759 509 2840 quoddam
521 2757 653 2839 eligatis,
669 2777 705 2820 ac
722 2756 898 2839 proponatis
908 2756 1002 2818 Nobis
1014 2762 1119 2836 aptum
1138 2762 1168 2816 et
1186 2757 1368 2816 conveniens

217 2856 416 2920 Ecclesiastlci
431 2857 599 2920 ornamenti
609 2875 722 2938 genus,
733 2877 793 2938 quo
809 2857 971 2920 canonicos
981 2859 1054 2920 istos
1068 2858 1110 2918 ita
1123 2857 1319 2935 decoremus,
1332 2868 1368 2920 ut

216 2949 313 3035 neque
325 2957 504 3037 cujusquam
513 2955 642 3036 querele
655 2954 779 3016 excitari
793 2953 900 3016 exinde
914 2955 1047 3036 possint,
1059 2961 1091 3014 et
1107 2953 1147 3014 illi
1162 2952 1218 3033 ipsi
1233 2953 1291 3014 sibi
1305 2968 1369 3017 res-

217 3051 338 3113 titutum
351 3059 476 3132 putent,
498 3070 560 3132 quo
574 3058 662 3113 antea
675 3050 863 3128 fruebantur,
878 3051 1002 3114 honoris
1022 3050 1161 3130 gradum.
1175 3049 1210 3111 ld
1223 3055 1310 3112 tanto
1326 3052 1369 3113 li-

216 3147 729 3228 bentiusaoliboroliustibituisque
738 3148 975 3227 Frisingensibus
984 3146 1136 3209 canonicis
1144 3145 1366 3227 prestabimus,

217 3243 401 3304 Venerabilis
415 3246 530 3320 Frater,
545 3249 661 3323 quanto
677 3242 773 3320 magis
784 3250 917 3305 vestrum
930 3262 1002 3322 erga
1014 3245 1093 3320 Nos,
1108 3263 1143 3304 ac
1158 3243 1384 3324 Apostobicam-

217 3338 294 3398 hanc
309 3338 410 3400 sedem
424 3340 548 3418 plenum
564 3338 701 3418 pietatis,
717 3339 807 3399 studii
820 3340 1062 3402 acobserventias
1072 3341 1282 3420 cognoscimus
1297 3343 1370 3404 aoi-

216 3444 319 3511 mum,
333 3435 384 3497 cui·
395 3436 529 3516 prolixa
548 3443 578 3497 et
589 3437 742 3498 cumulato
760 3436 974 3517 respondentes
986 3437 1214 3514 benevolentia
1234 3437 1264 3498 in
1279 3439 1371 3516 ciris-

184 3557 186 3561 *
216 3532 285 3593 dem
297 3531 405 3612 pignus
420 3528 617 3612 apostolicam
630 3529 870 3596 &ratiotionem
881 3533 955 3610 tibi,
965 3533 1150 3594 Venerabilis
1164 3535 1280 3611 Frater,
1292 3553 1386 3615 per-2

216 3635 352 3692 nmunter
365 3628 563 3710 impertimur
580 3632 694 3693 Dolum
711 3633 826 3703 Romo,
841 3639 914 3702 ela,
928 3633 979 3692 die
996 3644 1030 3692 19
1050 3633 1124 3709 maji·
1144 3640 1370 3711 1770,le-

207 3729 320 3799 ficatus
334 3730 431 3786 nostri
443 3745 522 3787 nono
535 3729 675 3788 secando

252 3840 355 3920 Eodem
367 3862 423 3933 lere
439 3865 582 3938 exemplo:
604 3866 717 3922 Dilectis
738 3861 813 3923 Filiis
827 3865 961 3923 Scholast
942 3873 1014 3934 troo,
1030 3846 1135 3924 Seniori
1148 3865 1309 3937 eaeterisque
1322 3882 1369 3922 ca·

216 3950 382 4019 [titularibus
389 3950 552 4031 callrodrolis
567 3953 695 4011 Ecclesiae
709 3953 898 4026 Frisingensis.
1298 3972 1316 3982 ⁴
1359 3978 1365 3983 ⁸·
1379 3968 1386 3981 ‘

682 4133 873 4148 *m
