3188 5414
143 487 161 534 8
564 498 765 560 CLEMENTlS
783 508 847 562 xlv

140 586 222 665 qnod
243 589 272 650 in
289 597 318 652 te
333 597 464 660 conferre
483 617 542 661 non
554 600 746 669 libentissime
759 614 925 692 cupiamus.
943 621 1067 687 luterim
1079 626 1295 705 oertissimum

140 684 235 743 nostri
250 685 279 747 in
292 694 321 750 te
335 695 443 758 amoris
457 696 563 777 pignus
580 702 773 779 apostolicam
787 708 1028 782 benedictionem
1038 723 1105 803 tibi,
1118 727 1233 796 dilecte
1245 738 1293 800 fili

139 778 248 843 nobilis
277 786 332 865 vir,
361 809 396 853 ac
422 794 611 876 amplissimae
640 799 742 862 domni
774 811 833 870 tuae
854 825 1051 890 peramanter
1075 822 1304 905 impertimur.=

138 880 251 995 Delum
271 885 385 971 dome,
404 902 473 973 etc,
491 895 540 956 dte
555 900 657 974 prima
669 903 746 976 juta
768 916 853 984 1769,
868 918 1065 992 pontificatue
1081 931 1182 987 nostri
1201 948 1292 996 cauo

135 995 244 1061 premo.

608 1108 789 1126 Μ

654 1211 740 1282 Vlll.
764 1218 769 1247 ·‘

503 1376 635 1420 nituere
667 1379 749 1423 nuto
779 1383 897 1430 Nomi)

515 1499 716 1562 STEPHANO
728 1502 884 1568 RENATO

255 1631 358 1683 rurum
381 1633 507 1684 suroris
528 1634 659 1684 acuurrs
679 1636 782 1686 uxum
802 1639 908 1690 uiuos
932 1645 1142 1704 uuusaruano
1189 1620 1196 1634 ⁸

417 1750 443 1798 s.
472 1749 501 1796 a.
527 1748 553 1795 r.
581 1748 749 1798 cannmam
774 1753 815 1801 uu
838 1756 976 1808 casuum

434 1872 666 1953 CLEMENS
694 1875 821 1957 PAPA
849 1881 954 1962 XIV.

912 2069 1008 2130 Romae,
1024 2077 1038 2121 5
1052 2073 1105 2133 julli
1120 2080 1190 2128 1769,

164 2173 292 2243 Dilecta,
317 2176 372 2232 etc.
397 2169 483 2244 Quod
497 2169 633 2231 scribisa
653 2169 781 2231 Domino
799 2171 912 2235 factum
932 2179 1105 2258 essetstud,
1132 2192 1167 2245 ut
1189 2188 1277 2254 Petri

117 2268 264 2333 naviculae
291 2267 339 2331 his
363 2267 549 2348 temporibus
576 2267 713 2348 regende
738 2270 830 2334 Nobis
860 2274 1056 2339 commissum
1077 2280 1117 2341 sit
1140 2299 1276 2369 munus,

120 2367 253 2449 Nosipsi
267 2386 330 2456 prae
344 2364 458 2429 caeteris
473 2365 675 2445 agnoscimus,
691 2383 762 2428 cum
781 2369 871 2432 nullis
890 2371 1003 2434 meritis
1022 2377 1150 2458 nostris,
1176 2385 1272 2450 nullis

117 2484 241 2549 prorsus
267 2467 380 2529 viribus
401 2462 485 2524 inniti
510 2464 672 2526 valeamus.
698 2465 757 2526 Sed
778 2465 890 2549 ipsum,
913 2469 1076 2553 quicoepit
1098 2493 1176 2557 opus
1201 2499 1271 2548 esse

118 2584 206 2627 suum
225 2565 431 2649 perfecturum
455 2559 579 2625 mirrime
594 2556 789 2644 ambigimus,
816 2585 852 2628 ac
870 2572 974 2629 nostra
994 2570 1121 2634 consilia
1142 2580 1270 2662 omnia,

117 2670 209 2751 atque
228 2667 363 2730 actiones
384 2663 426 2725 ita
445 2661 647 2742 directurum,
669 2669 704 2726 nt
717 2664 822 2746 etipse
839 2665 966 2746 gloriam
987 2672 1076 2748 atque
1095 2669 1250 2741 honorem
1260 2729 1270 2760 ,

115 2761 250 2827 Ecclesia
277 2785 332 2829 sua
354 2763 446 2826 decus
470 2768 560 2842 atque
577 2762 738 2833 utilitatem
762 2769 973 2844 consequatur.
1001 2764 1034 2825 ld
1057 2767 1128 2847 Nos>
1141 2772 1270 2851 quidem

69 2924 80 2935 ,Ι
115 2858 300 2927 effusissimis
319 2862 460 2948 precibus
473 2861 512 2925 ab
533 2880 570 2925 eo
592 2861 754 2945 impetrare
765 2862 898 2942 quotidie
910 2862 1136 2944 contendimus,
1153 2867 1184 2929 id
1197 2870 1269 2950 pios

115 2950 220 3024 omnes
236 2962 406 3045 conjunctis
425 2960 503 3024 votis
522 2960 691 3058 efflagitare·
702 2961 850 3042 laetamur,
864 2960 896 3023 id
913 2979 931 3023 a
953 2967 1002 3038 te,
1018 2960 1126 3026 dilecte
1138 2965 1180 3027 lili
1193 2986 1267 3034 uos-

113 3068 171 3139 tcr,
186 3067 320 3142 praestari
342 3083 399 3148 pro
417 3070 471 3125 tua
485 3063 543 3128 lide
560 3084 595 3126 ac
613 3063 726 3146 pietate
739 3055 1005 3124 non'dubitamus.
1023 3061 1109 3136 Quod
1119 3062 1211 3143 igitur
1235 3080 1269 3134 et

113 3155 188 3218 facis
209 3166 243 3221 nt
262 3162 369 3240 debes,
387 3167 418 3223 et
444 3165 473 3222 te
495 3160 692 3243 imposterum
718 3159 870 3222 iacturum
890 3177 955 3221 csse
974 3157 1122 3241 polliceris
1131 3181 1146 3236 ,·
1169 3161 1201 3223 in
1225 3186 1267 3230 e0

113 3253 312 3339 perspicimus
327 3264 414 3319 tuum
437 3274 508 3335 erga
524 3257 586 3318 Nos
607 3253 739 3317 studium
754 3272 825 3317 cnm
845 3255 927 3318 filiali
944 3255 1072 3338 plurima
1091 3273 1162 3336 erga
1181 3258 1266 3328 hanc

113 3352 310 3435 apostolicam
324 3352 426 3416 sedem
442 3351 631 3414 observantia
648 3351 854 3431 conjunctum.
868 3355 953 3417 Hanc
966 3354 1056 3438 igitur
1075 3355 1264 3427 voluntatem

112 3459 214 3529 tuam,
228 3451 293 3515 haec
307 3451 338 3531 in
352 3452 415 3517 Nos
427 3446 528 3512 officia
541 3469 560 3512 a
573 3455 602 3512 te
616 3448 771 3530 diligenter
784 3452 917 3533 praestita
929 3453 971 3514 ita
988 3453 1154 3535 excipimus
1172 3465 1206 3520 ut
1217 3463 1266 3523 ni-

107 3547 155 3610 -hil
173 3549 268 3630 magis
282 3556 437 3632 optemus,
457 3566 549 3630 quam
569 3549 670 3612 locum
690 3548 754 3611 dari
775 3552 862 3613 nobis
884 3549 1015 3633 aliquem
1034 3554 1262 3632 propensissimi
1286 3585 1295 3596 ·

110 3633 206 3712 bostri
223 3648 352 3712 vicissim
373 3649 405 3713 in
418 3655 449 3711 te
461 3648 578 3731 paterni
591 3647 683 3712 animi
698 3648 752 3712 tibi
772 3649 1068 3732 reipsa-declarandi.
1088 3651 1212 3716 Interim
1231 3658 1262 3720 in

110 3747 273 3833 pontiliciae
292 3768 363 3830 erga
375 3756 406 3812 te
426 3747 585 3832 peculiaris
597 3746 811 3811 benevolentiae
829 3747 939 3830 pignus
954 3747 1150 3829 apostolicam
1163 3750 1262 3815 bene-

110 3845 274 3909 dictionem
294 3845 366 3926 tibi,
388 3846 494 3909 dilecte
508 3845 550 3910 iili
573 3848 688 3923 noster,
709 3851 901 3927 peramanter
920 3845 1120 3926 impertimur.
1143 3851 1260 3916 Datum

110 3946 223 4018 Romoe,
240 3952 297 4006 etc.
307 3989 316 4022 ,
327 3946 377 4005 die
390 3955 406 4005 5
415 3945 491 4022 jolii
505 3954 598 4022 1769,
611 3945 808 4022 pontificatus
827 3949 924 4005 nostri
934 3962 1013 4005 uano
1031 3950 1143 4027 primo.
1251 3987 1254 3990 -

108 4112 112 4137 ,
144 4071 248 4128 Eodem
259 4069 317 4127 lcre
329 4068 411 4126 modo
422 4068 530 4141 Aloysio
544 4065 723 4128 Constantino
735 4067 763 4123 S.
771 4068 807 4122 R.
821 4068 854 4122 E.
863 4066 1018 4141 presbytero
1028 4049 1101 4124 card.
1114 4069 1148 4125 dc
1159 4071 1258 4162 Rohau

110 4176 160 4234 epo
175 4157 364 4234 Argentineusi
368 4198 432 4214 ......
453 4155 496 4213 die
516 4162 551 4213 28
569 4154 657 4231 junii;
670 4155 770 4210 Joauni
781 4156 938 4213 Frauscisco
951 4156 1070 4229 Josepho
1086 4158 1138 4214 Tit.
1159 4162 1187 4217 S.
1202 4165 1257 4219 Eu·

109 4246 175 4306 sebii
186 4249 340 4325 presbytero
351 4249 378 4307 S,
393 4250 428 4304 R.
443 4250 474 4305 E.
489 4245 563 4308 card.
573 4244 828 4306 chochovartio...
844 4255 870 4303 et
883 4245 1014 4304 cardinali
1033 4245 1067 4304 dc
1081 4249 1220 4309 choiseul.

571 4419 575 4425 ⁴
596 4415 777 4430 m-
