3188 5414
607 535 832 593 Documenta
852 534 974 590 vstitu.
1314 541 1360 593 stt

222 657 347 722 pergas,
367 655 426 720 quo
440 641 554 702 nullum
573 659 608 701 ex
621 641 726 703 deietae
740 642 889 703 societatis
907 642 984 727 viris
993 639 1030 701 ad
1044 660 1144 702 saeros
1161 638 1278 704 ordines
1291 661 1366 723 pro-

220 755 359 813 moveas,
372 754 482 815 eosque
494 735 536 797 ita
554 756 655 798 arceas
670 757 689 798 a
702 731 825 814 sobolis,
841 744 871 797 et
888 735 1108 817 dispensatione
1131 735 1364 799 ministeriorum

224 833 295 909 Dei,
310 837 344 892 ut
363 851 428 912 quae
447 831 478 892 in
498 833 672 913 Apostolieo
688 834 776 896 Brevi
789 833 891 894 bacin
910 852 944 895 re
958 833 1121 895 constituta
1133 838 1220 908 sunt,
1241 832 1365 895 immota

220 929 363 991 continuo
378 935 536 1006 maneant,
550 931 726 1009 nullumque
738 929 860 992 omnino
873 928 1087 990 detrimentum
1099 929 1263 1009 patiantur.

259 1025 381 1086 Interim
399 1026 542 1087 Summus
554 1025 617 1106 ipse
631 1025 768 1088 Pontifex
783 1024 895 1087 nedum
904 1028 999 1088 Deum
1010 1026 1163 1107 Optimum
1177 1024 1343 1091 Maximum
1356 1076 1362 1106 ‚

221 1143 237 1185 a
256 1141 316 1204 quo
336 1129 441 1185 saneta
460 1121 607 1185 desideria
618 1129 650 1185 et
660 1124 743 1201 justa
760 1128 829 1185 suut
841 1140 950 1204 opera,
962 1122 1115 1185 humiliter
1134 1123 1291 1186 obsecrare
1304 1143 1364 1186 non

219 1219 348 1299 destitit,
371 1224 406 1282 ut
422 1219 553 1282 sublatis*
569 1238 635 1301 que
656 1216 797 1283 inimicus
824 1219 916 1282 borno
941 1219 1207 1301 superseminavit,
1232 1219 1363 1295 zizaniis,

219 1325 325 1382 evocat
350 1317 473 1381 tandem
493 1317 663 1382 diffidentia
683 1321 781 1397 filios,
802 1338 968 1401 eorumque
990 1318 1314 1401 dirigateogitationes
1336 1330 1366 1382 et

220 1433 311 1495 opera
330 1415 369 1477 ad
379 1415 528 1494 iustitiam
538 1415 848 1495 faciendam<5verum²
865 1416 956 1478 otiam
974 1433 1044 1478 oum
1062 1413 1261 1499 potentissimi
1275 1416 1365 1495 hujus

219 1511 295 1591 regis
306 1512 439 1592 egregias
452 1512 537 1574 dotes
550 1513 808 1594 perspectissimas
828 1512 935 1589 hebet,
956 1512 1044 1574 enisa
1058 1512 1139 1593 apud
1153 1513 1237 1574 ilium
1248 1512 1364 1592 jamdiu

221 1606 365 1688 impondt
379 1607 489 1686 studia,
499 1615 533 1670 ut
546 1610 722 1692 Apostolioo
731 1609 822 1672 Brevi·
832 1609 934 1671 liberae
944 1609 1150 1690 relinquantur
1160 1609 1254 1688 redes,
1268 1627 1304 1671 ae
1314 1607 1366 1670 de-

219 1705 288 1764 lete
296 1703 450 1766 societatis
457 1705 594 1768 bomines
602 1705 911 1784 justasaiuberrimas
921 1705 1000 1766 iiiios
1011 1706 1092 1785 leges
1105 1724 1160 1767 sua
1175 1705 1371 1786 potissimum

219 1801 250 1863 in
269 1801 381 1863 ditione
394 1801 612 1865 contineantur.
624 1805 703 1866 Neve
721 1804 816 1866 immo
826 1803 930 1865 omnia
939 1848 947 1879 ,
957 1821 1023 1884 quae
1037 1803 1083 1864 vel
1094 1803 1133 1864 ab
1148 1796 1365 1881 hujus'Sancte

220 1897 304 1958 Sedis
328 1897 521 1976 auctoritate,
544 1901 591 1962 vel
619 1919 637 1961 a
660 1905 785 1981 paterna
808 1898 944 1977 ejusdem
969 1898 1120 1980 pontificis
1142 1900 1231 1979 plane
1262 1899 1369 1961 intima

218 1994 344 2057 caritate
362 1995 544 2076 suppeditari
557 1996 612 2058 tibi
629 2003 774 2077 possunt,
792 1996 966 2075 adjumenta
979 1995 1092 2074 desint,
1111 1997 1253 2078 epistolas
1271 2015 1367 2059 eves·
1403 2046 1406 2054 .

219 2094 292 2175 tigio
312 2094 378 2156 dari
390 2094 480 2173 jussit
497 2101 562 2156 tum
577 2094 615 2156 ad
631 2093 831 2175 apostolieum
848 2093 979 2156 Poloniae
993 2093 1162 2173 Nuntium,
1176 2100 1242 2155 tum
1256 2093 1295 2156 ed
1304 2095 1367 2180 ¹dr-

220 2191 445 2273 ebiepiscopnm
457 2194 653 2271 Pragensem,
674 2198 708 2253 ut
722 2190 951 2253 collatis-velini
969 2191 1117 2271 consiliis,
1139 2191 1318 2268 offensioni,
1336 2197 1368 2250 et-

218 2288 376 2368 soandaio,
389 2290 474 2372 queis
485 2290 669 2352 commoveri
681 2289 784 2352 fideles
797 2294 920 2371 possent
927 2333 936 2368 ,
951 2296 1072 2351 summo
1084 2289 1185 2351 studio
1194 2293 1364 2361 occurrant,

219 2392 308 2467 atque
322 2388 396 2449 aiter
412 2386 450 2449 ad
463 2385 598 2450 debitam
609 2386 677 2449 Sedi
691 2387 870 2469 Apostolioe
884 2386 1085 2448 obedientiam
1106 2388 1162 2449 eos·
1176 2386 1294 2463 deotat,
1314 2385 1365 2466 qui

219 2483 309 2546 modo
323 2483 435 2564 degunt
446 2485 477 2546 in
492 2485 628 2547 Gitoensi
647 2487 811 2549 Borsssioae
824 2485 947 2549 didonis
958 2486 1104 2567 collegio,
1119 2487 1200 2559 alter
1221 2485 1365 2547 auaitum

220 2581 306 2661 Regis
320 2581 478 2662 efflagitet,
492 2599 536 2644 ne
550 2581 667 2645 veritati
682 2584 832 2647 sitentium
846 2583 1006 2662 indicatur,
1022 2585 1200 2666 alanturque
1210 2584 1249 2661 ii,
1263 2583 1315 2664 qui
1327 2583 1367 2643 ab

220 2678 369 2740 audientia
381 2677 461 2740 Petri
472 2697 546 2740 voee
556 2698 588 2741 se
600 2680 768 2759 abducant,
779 2682 879 2761 regale
892 2682 1054 2762 imperium
1065 2699 1136 2743 cum
1147 2681 1287 2743 Ecclesie
1295 2680 1366 2759 legi*

219 2772 275 2835 bus
289 2773 440 2834 immerito
451 2775 692 2837 commiscentes.

257 2876 300 2932 're
315 2888 385 2934 roro
405 2874 555 2934 monitum
573 2871 838 2953 obsequentissime
859 2873 954 2950 facio,
976 2888 1013 2935 ne
1031 2874 1103 2954 quid
1119 2873 1262 2957 deinceps
1283 2890 1367 2934 eom-

218 2967 397 3032 mittendum
420 2969 633 3050 fidendumque
651 2968 779 3046 Ciosouo
794 2974 890 3050 putes.
910 2969 1011 3030 Habes
1025 2968 1223 3049 apostolieum
1237 2968 1367 3030 Peioniae
1382 3015 1384 3018 >

218 3066 379 3144 nuncium,
391 3067 524 3148 aliosque
542 3066 721 3148 Apostolioae
733 3066 816 3128 Sedis
830 3067 1002 3144 ministros,
1025 3067 1084 3128 tide
1095 3074 1126 3128 et
1137 3067 1200 3128 zel‘o
1219 3072 1366 3148 praestan-

218 3161 358 3224 tissimos.
374 3163 429 3225 His
447 3168 548 3241 utere,
562 3180 675 3243 eosque
688 3163 851 3243 prudenter
862 3162 968 3242 adeas,
983 3170 1017 3226 ut
1029 3180 1129 3226 rerum
1148 3182 1183 3226 ao
1195 3169 1365 3245 temporum

218 3260 384 3324 difficultati
398 3261 535 3325 seeurios⁴
545 3268 635 3342 atque
656 3261 758 3324 utilius
772 3262 903 3326 studeas.
916 3265 1045 3326 Parenos
1057 3263 1182 3326 taudem
1196 3269 1364 3346 spectatum

218 3359 313 3420 zetum
332 3367 419 3422 tuum
437 3359 602 3424 acrioribus
618 3360 745 3422 stimulis
764 3377 820 3440 pro
841 3361 975 3423 Eoeiesia
986 3361 1042 3423 Dei
1060 3359 1232 3438 inmodste,
1244 3358 1368 3423 Patrem·

217 3454 366 3516 luminum
388 3459 578 3521 continenter
601 3458 712 3536 orabo,
736 3464 770 3519 ut
793 3457 986 3520 Nobilitatem
1004 3465 1091 3520 tuam
1108 3457 1160 3519 din
1183 3457 1364 3520 ineoiunrem

218 3555 349 3626 tueatur,
369 3558 400 3613 et
415 3571 469 3633 per
487 3553 551 3616 vias
574 3571 662 3632 snas,
677 3573 743 3635 qnae
764 3559 833 3615 sunt
853 3555 1055 3617 misericordia
1074 3563 1104 3616 et
1122 3556 1234 3617 veritas
1241 3600 1250 3632 ,
1272 3573 1363 3636 quarn

218 3646 387 3711 felicissime
398 3649 517 3730 dirigat.
537 3653 574 3713 Et
587 3651 709 3713 demum
720 3649 959 3712 benedictionem
971 3652 1168 3732 apostoticam
1182 3650 1236 3712 tibi
1251 3650 1365 3733 imper-

217 3744 317 3807 tiendo
324 3746 476 3828 precipuo
487 3748 658 3810 Sanctitatis
664 3749 730 3809 Sue
741 3746 862 3808 nomine
871 3753 935 3809 toto
944 3747 1088 3828 obsequio
1095 3763 1144 3808 me
1156 3748 1209 3810 tibi
1220 3750 1361 3810 devoveo.

217 3933 219 3938 ,
282 3869 496 3932 nominationis
508 3877 566 3933 tue
581 3870 788 3935 lliustrissimae
808 3889 842 3934 ao
860 3870 1120 3935 Reverendissinrae

708 4037 949 4100 studiosissimus
961 4038 1003 4100 uti
1015 4038 1107 4101 frater

818 4177 852 4226 Α.
873 4172 1057 4229 mauranus
1070 4177 1231 4230 Coasruns.
1295 4170 1297 4174 ’

818 4269 853 4343 ν.Ι
867 4271 1085 4338 Massuourus,
1104 4276 1289 4343 secretarius,

729 4356 861 4428 Episcopo
871 4357 978 4414 Vitario
989 4360 1135 4431 apostolico
1151 4360 1358 4419 Vratisi'aviensi.
1393 4363 1395 4370 '

692 4516 873 4529 m
