3188 5414
479 528 658 583 EPISTOLAE
675 528 721 582 ΕΤ
737 531 871 584 Bnble
890 531 1121 587 SELECTlORA.
1320 539 1371 586 nlo

682 723 908 795 CCLXXXlll.

484 897 654 940 carissimo
675 899 709 940 rrr
729 899 862 941 cuarsro
883 900 968 941 rimo
993 900 1112 942 nosrno

403 1012 554 1073 CAROLO
573 1013 840 1074 HISPANIARUM
860 1013 954 1073 REGI
975 1013 1192 1074 CATHOLICO

534 1145 768 1224 CLEMENS
795 1149 924 1223 PAPA
951 1146 1056 1222 XIV.

909 1372 911 1378 ,
940 1327 1035 1383 Rornae,
1050 1328 1064 1373 8
1077 1323 1219 1385 septembris
1235 1326 1303 1372 1774.

263 1438 440 1509 Carissimo,
451 1446 506 1500 etc.
522 1439 690 1501 Certissima
708 1457 760 1520 spe
774 1439 951 1502 tenebamur
970 1439 1035 1501 lore
1049 1447 1083 1502 ut
1103 1459 1150 1502 res
1165 1459 1286 1517 omnes,
1299 1459 1367 1521 quae

221 1531 287 1594 istic
301 1534 340 1595 ad
352 1534 556 1597 nuntiaturam
567 1536 763 1617 apostolicam
775 1536 939 1616 pertinent,
951 1557 1007 1618 pro
1016 1539 1113 1618 Regiae
1124 1539 1289 1616 Majcstatis
1297 1542 1368 1600 Tnae

221 1630 363 1710 singulari
374 1632 528 1712 aequitate,
547 1653 582 1695 ac
595 1654 714 1696 summa
729 1634 759 1695 in
772 1636 832 1695 Nos
845 1634 1052 1696 benevolentia
1066 1635 1095 1695 in
1108 1653 1178 1696 enm
1196 1643 1308 1696 statum
1322 1654 1368 1696 re-

220 1728 411 1806 ducerentur,
421 1748 511 1809 quern
520 1733 581 1793 Nos
592 1733 723 1794 maxime
730 1741 911 1813 optaremus.
923 1735 1037 1794 Tamen
1051 1751 1121 1794 cum
1133 1733 1163 1794 id
1178 1732 1276 1812 ipsum
1287 1751 1368 1812 egre-

219 1824 267 1901 gie
276 1824 442 1905 perlectum
454 1828 683 1909 absolutumque
695 1847 759 1890 esse
774 1837 844 1900 ate,
860 1828 1012 1889 carissime
1026 1829 1056 1888 in
1066 1827 1180 1889 Christo
1198 1827 1239 1888 tili
1253 1838 1366 1904 noster,

222 1929 312 2000 atque
328 1923 430 1985 omnia
444 1923 481 1986 ad
493 1924 631 1986 desiderii
641 1926 735 1987 nostri
749 1926 879 1987 rationes
890 1924 1058 2004 composita
1071 1924 1287 2001 intelleximus,
1300 1934 1365 1986 tan-

220 2029 283 2081 tam
296 2021 365 2082 inde
373 2022 592 2100 jucunditatem
607 2022 759 2103 cepimus,
775 2028 808 2083 ut
825 2023 891 2103 ipsa
905 2021 1070 2101 expectatio
1083 2031 1184 2082 nostra
1196 2039 1232 2082 ac
1248 2039 1367 2083 summa

220 2118 257 2179 de
277 2126 306 2179 te
320 2119 430 2180 fiducia
448 2119 522 2180 nihil
537 2139 575 2181 ex
587 2128 696 2182 nostrae
716 2118 822 2181 latitiae
839 2117 1044 2198 magnitudine
1065 2115 1237 2179 detraxerit.
1258 2118 1364 2195 Itaque

219 2234 311 2294 quarn
321 2215 468 2276 maximas
485 2235 645 2296 possumus
656 2215 804 2295 MaJestati
818 2218 889 2277 Tua
901 2215 1011 2295 gratias
1025 2222 1055 2276 et
1067 2213 1219 2275 reddimus
1228 2221 1259 2273 et
1268 2212 1366 2273 babe-

220 2329 297 2372 mus.
313 2311 458 2372 Praeclaro
478 2312 536 2374 boc
552 2312 632 2374 facto
644 2321 698 2374 tuo
716 2331 810 2374 novas
826 2312 919 2374 Nobis
934 2311 1044 2374 ¹causas
1054 2311 1163 2373 dedisti
1180 2319 1210 2371 te
1224 2308 1364 2370 omnibus

219 2407 315 2469 mutui
333 2407 443 2469 amoris
452 2408 560 2469 officiis
573 2408 791 2489 prosequendi,
804 2414 894 2488 atque
905 2408 962 2470 etsi
976 2409 1058 2470 nulla
1076 2407 1115 2470 ad
1127 2415 1264 2468 nostram
1278 2422 1364 2465 sum-

195 2548 197 2552 ·
219 2525 300 2567 marn
324 2525 359 2567 ac
372 2515 529 2586 paternam
541 2508 571 2568 in
582 2514 612 2568 te
623 2508 779 2571 caritatem
795 2507 858 2568 fieri
870 2508 966 2589 possit
978 2507 1123 2586 accessio,
1139 2516 1241 2568 tamen
1255 2503 1364 2565 eximio

219 2611 271 2664 tuo
285 2604 315 2664 in
329 2606 390 2664 Nos
402 2604 502 2665 animo
519 2605 725 2668 incredibilem
738 2607 770 2667 in
787 2605 879 2667 Nobis
892 2605 1088 2686 cupiditatem
1100 2612 1206 2666 nostrae
1218 2601 1297 2662 idem
1309 2601 1364 2661 mi-

218 2701 306 2763 riticae
328 2721 399 2780 erga
414 2709 444 2763 te
467 2703 628 2764 voluntatis
650 2704 739 2764 rebus
766 2703 796 2765 in
821 2703 961 2764 omnibns
982 2700 1194 2763 confirmanda
1214 2699 1362 2760 excitasti.

219 2801 313 2858 Deum
324 2799 477 2877 Optimum
496 2798 660 2858 Maximum
679 2800 764 2859 enixe
782 2818 953 2878 precamur,
966 2806 999 2859 ut
1012 2818 1067 2878 pro
1088 2804 1139 2858 tua
1159 2814 1231 2874 erga
1248 2798 1309 2855 Nos
1328 2814 1364 2856 ac

218 2895 358 2953 Sanctam
372 2893 576 2972 Apostolicam
588 2891 695 2953 Senem
712 2893 822 2972 pietate
833 2893 865 2954 in
878 2901 907 2954 te
915 2940 923 2970 ,
941 2903 1067 2973 tuosque
1081 2891 1178 2970 regios
1197 2890 1309 2950 liberos
1329 2908 1364 2950 ac

219 2989 388 3050 universam
402 2988 585 3049 Catholicam
600 2991 728 3050 Domum
738 2990 868 3069 optimos
884 3009 1035 3071 quosque,
1052 2995 1141 3069 atque
1160 2984 1365 3067 optatissimos

218 3104 279 3145 snae
299 3083 487 3164 benignitatis
509 3083 622 3145 fructus
640 3083 784 3146 conferat.
809 3087 852 3146 Ac
873 3086 998 3148 coelestis
1020 3085 1121 3166 gratiae
1135 3083 1304 3164 auspicem,
1329 3101 1365 3143 ac

218 3191 324 3243 nostrae
334 3187 464 3262 paternae
473 3179 604 3242 caritatis
614 3180 720 3262 pignus
733 3183 928 3262 apostolicam
942 3182 1181 3245 benedictionem
1196 3179 1293 3259 Regiae
1303 3181 1365 3256 Ma-

214 3280 313 3355 jestati
329 3288 386 3340 tuae
407 3279 612 3342 amantissime
631 3280 829 3361 impertimur.
852 3283 965 3341 Datum
983 3283 1100 3350 noma,
1121 3280 1203 3357 opud
1222 3278 1363 3338 Sanctam

220 3380 345 3437 Mariam
360 3380 512 3454 Majorem,
524 3380 577 3437 sub
591 3378 711 3439 Annulo
720 3381 897 3448 Piscatores,
909 3380 985 3439 dics
1000 3378 1173 3460 septembris
1189 3386 1261 3437 1774
1272 3420 1280 3451 ,
1292 3393 1365 3451 pon-

218 3477 347 3547 tificatus
360 3480 456 3535 nostri
471 3494 550 3536 anno
562 3483 647 3538 sexto
