3188 5414
474 503 658 561 russone
676 505 721 560 ar
741 504 872 562 annun
893 509 1122 564 suuacnoas.
1316 496 1372 567 *rso

227 611 309 673 bisce
326 609 417 672 literis
433 599 657 672 communicare
670 611 836 690 voluimus,
850 612 1014 675 firmiorem
1028 620 1118 694 atque
1135 600 1245 676 indies
1259 617 1372 678 arctio-

225 725 290 768 rem
301 725 367 769 esse
376 705 468 768 faciat
482 731 489 768 :
505 713 599 787 utque
609 715 640 768 et
653 707 707 769 tibi
720 711 851 788 majores
861 711 995 791 quotidie
1008 731 1105 775 causat
1120 713 1250 775 existant
1261 714 1372 794 ampli-

225 803 349 865 tica'udae
371 802 487 872 eximia
508 822 579 883 erga
598 811 741 886 nepotem
761 813 848 870 tuum
861 811 1023 872 voluntatis
1037 817 1067 872 et
1083 811 1133 873 ille
1157 811 1257 873 ollicia
1270 812 1372 873 omnia

189 973 196 986 ο
225 901 367 962 adhibeat
387 899 426 962 ad
449 900 681 981 promerendam
703 903 782 964 banc
797 910 882 965 tuam
902 906 1018 987 sibique
1041 907 1257 970 studiosissime
1275 908 1371 988 magis

224 998 449 1061 devinciendam
470 999 725 1062 beneuolentiam.¹
737 1001 868 1063 Goelestis
886 1003 988 1097 gratiae
1006 1003 1141 1085 presidio
1154 1006 1243 1065 tirma
1258 1022 1293 1065 ac
1305 1010 1372 1065 rata

223 1097 324 1159 lutura
335 1101 406 1158 vota
418 1096 482 1177 hac
495 1103 599 1158 nostra
612 1095 808 1189 confidimus,
828 1105 917 1180 atque
936 1100 1055 1162 iuterim
1067 1102 1263 1183 apostolicam
1275 1102 1372 1163 bene-

224 1194 386 1256 dictionem
397 1192 488 1255 divini
500 1193 591 1271 hujus
604 1193 742 1256 beneficii
756 1196 909 1277 auspicem
921 1203 952 1259 et
965 1217 1089 1260 summa
1100 1206 1231 1280 paterna
1242 1206 1369 1277 nostra,

221 1309 282 1370 qua
302 1295 333 1351 te
354 1290 597 1371 complectimur,
618 1285 876 1355 caritatis'testem
891 1293 963 1373 tibi,
980 1295 1133 1357 carissime
1147 1296 1177 1358 in
1198 1295 1314 1358 Christo
1328 1296 1370 1358 tili

222 1397 335 1468 noster,
359 1397 389 1452 et
409 1390 553 1453 universa
575 1389 673 1472 Regia
695 1397 754 1452 tue
786 1390 895 1452 Domui
928 1392 1132 1454 amantissime
1166 1392 1365 1474 impertimur.

223 1491 336 1555 Dotem
357 1493 467 1566 Rome,
483 1500 555 1570 ete,
568 1493 617 1554 dte
632 1504 649 1553 8
668 1491 845 1569 septembris
864 1499 956 1568 177³,
974 1494 1164 1570 pontificatus
1181 1494 1369 1552 nortmanno

222 1595 337 1668 quinto.

706 1688 884 1702 anda—*-

579 1781 583 1789 ’
641 1795 905 1882 'ccmxvur

439 1902 668 2011 brnrmrssusu
691 1967 726 2008 m
749 1966 883 2009 canrsro
904 1965 994 2010 rura
1016 1965 1142 2008 nosram

289 2071 426 2134 MARlAE
447 2073 700 2144 WALBUBGAE,
722 2071 903 2133 SAXONIAE
922 2073 1126 2133 ELECTRICI
1146 2070 1299 2144 VIDUAE,

532 2190 765 2273 CLEMENS
791 2192 922 2272 PAPA
948 2190 1056 2270 XIV.

762 2358 789 2404 ln
804 2317 865 2404 Arca
874 2352 1025 2416 Gandulpbi‚
1040 2357 1070 2402 25
1081 2350 1224 2412 septembris
1237 2355 1304 2401 177³.

259 2465 479 2534 Dilectissimae,
501 2470 558 2524 etc.
582 2463 703 2525 Nullum
725 2460 896 2543 preclarius
914 2458 1068 2539 Nobisque
1079 2454 1241 2536 jucundius
1263 2456 1316 2518 abs
1338 2466 1368 2518 te

219 2577 346 2639 munus,
367 2559 557 2622 dilectissima
577 2559 608 2622 in
628 2559 744 2621 Christo
763 2559 826 2620 filia
844 2563 963 2634 nostra,
986 2554 1085 2637 potuit
1106 2553 1256 2632 accidere,
1275 2573 1368 2636 quam

219 2660 301 2740 quod
312 2678 408 2741 nuper
420 2658 458 2721 ad
471 2660 533 2721 Nos
545 2658 650 2720 misisti
665 2658 760 2720 textili
772 2676 863 2739 opere
875 2656 989 2718 affabre
1006 2654 1161 2716 elaborato
1178 2652 1295 2734 egregie
1311 2653 1369 2715 de-

220 2757 333 2836 pictam
346 2754 509 2834 imaginem
524 2760 620 2816 tuam.
643 2747 676 2815 ln
691 2754 757 2835 ipsa
770 2753 831 2815 oris
844 2749 1037 2813 similitudine
1052 2768 1088 2811 ac
1110 2747 1314 2826 lineamentis,
1335 2756 1369 2808 ut

130 2899 133 2903 ,
219 2851 369 2932 dignitatis
382 2859 472 2932 atque
486 2849 689 2935 amplitudinis
699 2855 758 2912 tue
769 2850 900 2930 speciem
915 2847 1107 2927 agnovimus,
1121 2846 1164 2907 ita
1174 2845 1368 2907 excellentem

218 2946 310 3008 etiam
322 2946 456 3008 animum
466 2950 553 3008 tuum
567 2950 599 3008 et
606 2946 755 3026 singulare
768 2945 800 3005 in
813 2945 875 3006 Nos
886 2961 923 3004 ac
937 2944 1079 3004 Sanctam
1091 2941 1171 3003 hauc
1183 2939 1290 3002 Sedem
1305 2946 1368 3002 stu-
1475 2942 1484 2960 ‘

218 3043 301 3105 dium
318 3063 354 3106 ac
367 3043 511 3125 pietatem
528 3042 559 3104 in
575 3040 754 3104 memoriam
766 3039 984 3104 revocavimus.
998 3040 1101 3119 ltaque
1120 3042 1153 3099 et
1164 3035 1273 3098 eximio
1291 3037 1369 3097 arti-

219 3141 287 3203 ticio
294 3187 304 3219 ,
319 3147 349 3203 et
362 3139 514 3222 prestanti
527 3138 628 3202 ollicio
641 3144 695 3200 tuo
703 3137 908 3201 incredibilem
918 3136 950 3198 in
959 3134 1086 3198 modum
1095 3133 1233 3217 delectati
1245 3152 1366 3212 sumus,

219 3245 254 3301 et·
264 3255 375 3302 munus
396 3246 484 3301 tuum
503 3237 569 3319 pari
587 3221 740 3300 iolmtete
758 3235 949 3317 excepimus,
963 3254 1024 3317 qua
1048 3242 1110 3298 ate
1136 3240 1182 3298 est
1198 3234 1367 3316 profectum

218 3337 360 3399 nimirum
373 3353 445 3416 erga
464 3341 494 3397 te
507 3333 751 3418 propensissime,
766 3333 886 3414 tuisque
898 3331 1076 3414 insignibus,
1088 3331 1240 3412 Nobisque
1254 3331 1368 3413 optime

218 3452 321 3495 coram
332 3432 493 3516 perspectis
505 3432 664 3495 virtutibus
676 3436 888 3494 consentanea.
904 3429 1030 3493 lutimos
1045 3430 1102 3492 bos
1113 3428 1271 3513 pontificia
1289 3429 1367 3492 cari-
1456 3493 1458 3496 ,
1499 3479 1501 3485 ,

219 3527 288 3588 tatis
307 3535 337 3590 et
350 3529 510 3609 gratissimi
528 3529 623 3591 nostri
634 3546 705 3608 erga
721 3535 751 3588 te
762 3527 854 3588 animi
873 3545 978 3589 sensus
988 3531 1127 3589 accurate
1139 3545 1196 3607 pro
1210 3544 1265 3588 suo
1282 3544 1367 3587 more

218 3624 273 3686 tibi
282 3625 487 3706 perscripsisse
497 3643 558 3687 uon
572 3624 744 3687 dubitamus
755 3622 897 3685 dilectum
908 3615 1064 3686 fflium'Jo.
1084 3622 1269 3684 Ludovicum
1280 3622 1367 3684 Bian-
1444 3661 1448 3669 ·

219 3740 349 3800 conum,
362 3722 411 3784 cui
428 3715 592 3783 luculenter
604 3720 726 3783 eosdem
736 3719 965 3783 declaravimus.
979 3719 1100 3781 luterim
1115 3718 1256 3781 collocari
1272 3718 1368 3797 jussi-

219 3838 286 3881 mus
298 3819 439 3881 eximiam
448 3817 598 3899 picturam
607 3824 696 3899 atque
709 3819 837 3900 effigiem
847 3824 932 3879 tuam
941 3818 972 3879 iu
982 3816 1141 3893 Quirinalis
1157 3817 1262 3880 Palatii
1273 3817 1366 3878 nostri
1471 3903 1475 3910 Ι

218 3916 324 3977 illustri
337 3922 368 3978 et
385 3915 547 3996 conspicuo
559 3916 643 3995 loco,
659 3923 692 3978 ut
706 3922 763 3978 tua
782 3916 812 3978 in
832 3915 893 3978 Nos
906 3915 1025 3997 pietatis
1039 3915 1138 3980 studia
1158 3922 1189 3978 et
1205 3913 1366 3997 sepissime

219 4013 311 4074 Nobis
324 4014 355 4075 in
370 4015 474 4076 oculos
487 4014 658 4091 incurrant,
671 4020 701 4075 et
718 4014 858 4077 omnibus
875 4014 933 4074 sint
950 4015 1154 4076 testatissm.
1167 4015 1366 4075 Vehementer

221 4109 359 4190 cupimus
377 4111 523 4191 plurimas
534 4110 627 4172 Nobis
645 4111 882 4191 opportunitates
896 4111 1096 4192 suppeditari,
1111 4110 1221 4192 quibus
1238 4109 1363 4176 invicem

221 4211 379 4286 paternum
388 4214 525 4269 nostrum
534 4207 566 4268 in
578 4212 608 4268 te
621 4206 756 4269 animum
764 4208 905 4292 preclare
916 4208 969 4269 tibi
978 4208 1123 4271 hactenus
1132 4205 1366 4285 cognitumube-
1432 4256 1434 4262 ,

219 4303 348 4364 rioribus
361 4310 463 4366 tamen
474 4304 590 4366 indiciis
603 4304 782 4368 confirmare
794 4306 890 4387 magis
903 4307 934 4368 in
948 4306 1010 4368 dies
1023 4305 1189 4391 possimus,
1203 4304 1290 4382 cujus
1309 4322 1366 4364 va-

218 4405 288 4466 dem
302 4424 337 4466 ac
350 4404 476 4467 roelestis
489 4405 590 4486 gratia
600 4403 752 4486 auspicem
766 4403 961 4486 apostolicam
980 4402 1218 4466 benedictionem
1230 4400 1283 4462 tibi
1295 4446 1304 4479 ,
1316 4399 1366 4461 di-

219 4503 378 4564 lectissima
394 4503 424 4564 in
438 4503 554 4564 Christo
574 4502 635 4563 tilia
656 4509 776 4581 nostra,
790 4507 908 4581 tuaque
922 4500 1064 4562 universae
1085 4496 1242 4561 Electorali
1257 4496 1364 4558 Domui
