3188 5414
471 487 715 543 aristonem
735 489 867 551 aarum
888 489 1122 546 subterioris.
1323 493 1371 541 167

221 592 301 653 Nibil
315 591 406 652 Nobis
418 592 519 671 potius
534 601 624 672 atque
637 591 788 673 antiquius
798 591 873 670 fuit,
888 611 982 671 quam
991 593 1116 672 obsequi
1127 594 1274 671 Maiestuti
1285 596 1370 668 Tuae,

222 696 314 768 atque
326 688 408 755 huno
421 687 513 751 etiam
533 707 642 770 capere
661 689 762 751 locum
778 688 949 750 declarandi
969 688 1039 766 tibi,
1060 707 1152 769 quam
1167 689 1268 770 cupidi
1284 696 1371 769 atque

222 786 336 847 alacres
348 784 459 862 simus,
470 785 629 862 eximiam,
639 805 700 864 qna
714 785 744 847 in
755 792 785 847 te
796 784 931 863 terimur,
947 793 1105 866 paternam
1118 786 1322 864 voluntatem,
1338 806 1372 848 ac

221 882 384 962 singularia
394 883 494 947 studia
507 891 611 947 nostra
622 884 676 945 tibi
688 882 918 962 comprobandi.
932 882 1040 944 Statim
1052 881 1152 963 itaque
1166 889 1197 942 et
1210 900 1320 963 aquam
1333 882 1373 943 il·
1439 921 1453 936 .

220 981 282 1043 lam
293 979 351 1041 rite
360 981 468 1042 confici
483 981 522 1043 ab
534 981 599 1062 ipso
612 981 728 1043 artificii
747 981 900 1060 inventore
917 980 1142 1063 mandavimus,
1154 999 1247 1062 quarn
1264 982 1304 1043 ab
1317 1001 1374 1044 eo-

220 1078 290 1145 dem
304 1078 415 1141 dileoto
433 1079 495 1143 lilio
512 1081 542 1142 in
562 1081 686 1161 capsula
703 1078 912 1141 transmissam
925 1078 1069 1159 accipies,
1084 1085 1115 1138 et
1133 1085 1276 1164 praeterea
1290 1078 1373 1141 libel·

220 1177 284 1237 lurn
293 1176 440 1239 conscribi
450 1177 606 1255 jusimus,
619 1177 724 1256 inquo
737 1183 855 1256 captae
866 1175 970 1257 peritis
978 1175 1183 1256 experimenta
1193 1176 1372 1255 referuntur,

221 1280 252 1332 et
263 1290 311 1335 res
320 1273 401 1353 ipsae,
410 1291 447 1334 ex
457 1273 569 1352 quibus
582 1272 837 1336 medicamentum
847 1272 1051 1353 componitur,
1067 1292 1102 1334 ac
1111 1273 1285 1337 elaborandi
1295 1275 1378 1352 ratio¹

220 1372 401 1437 continetur.
427 1373 504 1433 Eum
525 1371 659 1435 libellum
683 1389 753 1432 oum
769 1371 852 1433 bisce
872 1371 982 1434 nostris
1003 1371 1107 1434 reddet
1130 1372 1278 1451 MaJestati
1302 1375 1373 1435 Ture

222 1468 418 1556 Venerabilis
435 1469 539 1530 Frater
566 1468 713 1529 Antonius
739 1469 892 1548 Eugenius
922 1467 1174 1551 archiepiscopus
1203 1469 1372 1549 Ephesinus

220 1567 329 1627 Noster
353 1564 576 1647 etApostolicu
599 1567 684 1648 Sedis
709 1567 791 1648 apud
809 1575 838 1629 te
863 1568 1037 1630 Ordinarius
1056 1569 1206 1644 Nunnius,
1231 1576 1321 1648 atque
1348 1571 1372 1631 is

221 1664 313 1723 ctiam
335 1680 429 1744 quam
448 1662 575 1742 prolixiu
596 1681 631 1724 ac
655 1663 810 1725 luculento
828 1664 942 1725 animo
963 1664 1167 1744 gratificamur
1185 1663 1253 1742 tibi,
1270 1685 1375 1746 coram

219 1780 276 1841 pro
288 1779 343 1823 suo
355 1776 479 1822 munere
498 1759 699 1821 confirmabit.
715 1760 859 1842 Cupimus
871 1779 942 1823 saue
955 1806 963 1838 ,
976 1760 1132 1827 carissime
1147 1760 1176 1821 in
1198 1761 1314 1825 Christo
1331 1763 1371 1825 tili

221 1867 334 1937 noster,
348 1866 438 1939 atque
447 1858 523 1920 adeo
534 1859 629 1921 etiam
639 1858 890 1921 confidimusiore
901 1861 1015 1921 uthina
1026 1861 1156 1939 plurima
1167 1860 1205 1920 ad
1220 1861 1373 1940 publicam

221 1957 404 2037 populorum
423 1955 584 2017 utilitatem
605 1955 659 2016 liat
675 1956 830 2032 accessio,
844 1975 910 2035 quo
924 1956 1103 2019 scilicettna
1119 1957 1218 2019 studia
1233 1957 1373 2036 praeclaro

221 2053 369 2115 collocata
381 2052 503 2130 scimus,
514 2059 662 2133 tantaque
676 2052 833 2133 potestatis
842 2072 930 2114 usum
941 2053 1091 2134 praecipue
1104 2072 1169 2116 esse
1181 2073 1370 2117 conversum.

221 2152 269 2212 Ad
291 2151 350 2212 lroc
362 2151 533 2232 optimum,
549 2149 805 2230 sapientissimum
823 2149 939 2230 regium
961 2149 1119 2213 consilium
1135 2158 1222 2213 tuum
1243 2151 1374 2233 aliquam

220 2250 281 2310 Nos
293 2248 429 2310 conferre
440 2247 574 2329 potuisse
586 2255 721 2328 partem,
736 2247 767 2310 id
778 2266 848 2311 vero
859 2248 951 2310 Nobis
963 2248 1020 2311 erit
1033 2248 1297 2327 jucundissimum.
1312 2251 1375 2312 Hac

140 2397 143 2404 .
223 2349 350 2429 proinde
363 2349 548 2412 causa'ultro
562 2349 744 2411 inanimum
757 2348 944 2425 inducimus,
962 2356 995 2410 ut
1006 2348 1084 2411 illius
1098 2349 1252 2411 medicina
1263 2356 1373 2412 aueto-

220 2466 302 2524 rem,
327 2448 379 2528 qui
393 2465 475 2509 nunc
487 2448 517 2508 in
531 2445 676 2510 custodia
690 2445 828 2529 capitalis
847 2446 979 2509 criminis
994 2465 1063 2508 raus
1076 2446 1239 2524 detinetur,
1256 2466 1374 2528 apoena

221 2546 327 2607 mortis
341 2544 624 2620 salmanasaro}
634 2550 726 2605 tanto
745 2543 888 2605 libentius
903 2542 1027 2605 aNobis
1047 2544 1098 2606 liet
1107 2590 1115 2621 ,
1133 2551 1246 2624 quanto
1259 2545 1373 2624 gratius

220 2643 355 2706 futurum
371 2663 436 2707 esse
451 2643 633 2706 arbitramur
649 2644 722 2720 tibi,
744 2662 836 2723 quem
856 2661 927 2705 cum
958 2641 1094 2723 ejusdem
1115 2644 1233 2707 artificii
1247 2663 1374 2724 cogitos-

221 2743 309 2804 cendi
330 2741 443 2822 ceperit
464 2740 645 2802 desiderium
670 2741 825 2818 cognitum
845 2739 937 2801 fuisse
956 2739 1116 2819 postmodo
1131 2740 1258 2802 fortasse
1271 2741 1375 2804 deleo-

221 2840 310 2901 tabit.
325 2839 488 2918 Reliquum
500 2844 558 2914 est,
571 2836 728 2897 Carissime
738 2836 769 2897 in
784 2836 901 2897 Christo
913 2835 955 2895 iili
967 2843 1079 2912 noster,
1092 2844 1125 2896 ut
1139 2844 1168 2897 te
1178 2837 1269 2898 etiam
1286 2845 1375 2917 atque

222 2936 316 2996 etiam
329 2935 535 3010 obsecremus,
555 2933 773 2994 illud'maxime
786 2933 841 2993 tibi
859 2951 1038 3013 persuasum
1057 2950 1122 2994 esse
1142 2932 1233 3009 velis,
1248 2932 1374 3012 ilagrare

221 3034 282 3095 Nos
292 3072 296 3081 ,
305 3032 455 3093 immensa
469 3048 505 3092 ao
518 3047 723 3108 summaerga
734 3035 763 3090 te
776 3029 894 3114 paterni
907 3029 1019 3090 amoris
1032 3036 1062 3090 et
1073 3028 1207 3090 caritatis
1225 3029 1374 3109 magnitu-

221 3131 311 3208 dine,
329 3129 463 3210 nihilque
478 3127 649 3190 ardentiore
666 3127 766 3189 studio
782 3147 800 3189 a
819 3129 880 3189 Deo
894 3128 929 3188 0.
943 3129 983 3188 Μ.
1003 3127 1137 3208 precari,
1155 3147 1247 3207 quam
1265 3136 1297 3190 ut
1309 3129 1371 3210 ipse

221 3229 351 3309 incoepta
364 3235 417 3298 tua
432 3224 566 3288 fortunat
577 3225 694 3302 omnia,
710 3230 802 3305 utque
815 3224 971 3301 virtutem,
990 3222 1182 3298 felicitatem,
1198 3224 1376 3305 anglariam

222 3336 308 3389 tuam
320 3326 412 3388 faciat
428 3325 467 3386 ad
494 3323 633 3387 Ecclesiae
647 3322 809 3385 menalce<
826 3321 1045 3383 incrementrun
1071 3328 1102 3382 et
1120 3321 1158 3382 ad
1182 3330 1318 3385 nostrum
1343 3332 1374 3384 et

222 3424 400 3504 Apostolicae
413 3422 504 3501 hujus
518 3421 603 3483 Sedis
614 3419 759 3501 gaudium
776 3418 956 3481 redundare.
973 3420 1043 3493 Qua
1070 3425 1103 3478 ut
1118 3424 1220 3480 nostra
1241 3418 1375 3500 auspica-

223 3521 301 3581 tiora
323 3519 381 3581 sint
401 3526 487 3596 vota,
510 3519 707 3598 apostolicum
728 3516 971 3579 benedictionem
985 3517 1125 3596 Augusta
1143 3517 1290 3595 blajestati
1305 3518 1375 3577 Tun:

219 3616 329 3677 'intimo
342 3618 457 3697 paterni
468 3615 568 3678 cordis
581 3613 890 3692 sensuwaruantissime
905 3613 1104 3694 impertimur.
1125 3615 1235 3675 Datum
1257 3615 1373 3690 llantur,
1469 3673 1472 3680 ,

224 3717 344 3794 tejalit
360 3716 653 3794 t771,pontificatus
669 3718 764 3775 nostri
776 3731 857 3773 anno
873 3717 972 3774 terlio.
1436 3698 1440 3713 ’

713 3828 890 3838 .-.——---.

730 3860 870 3984 cxcix.

482 4063 650 4106 carissimo
672 4063 704 4103 ru
727 4062 861 4104 cnnrsro
885 4060 972 4101 rimo
995 4059 1116 4102 nosruo

383 4163 535 4223 canoto
570 4159 841 4221 HISPANIARUM
874 4157 964 4217 REGI
998 4157 1238 4257 CATHOLICO=
1275 4247 1278 4252 Ι

532 4265 766 4386 crunnus
794 4266 924 4343 rara
943 4263 1053 4344 ,aru

996 4409 1088 4468 Roman,
1104 4411 1113 4454 1
1132 4406 1225 4467 augusti
1241 4410 1309 4455 1771.

255 4503 441 4587 ,Ειινίεεῖιηᾳ
462 4508 519 4560 etr.
546 4499 726 4579 acecpimus
750 4497 986 4560 humarussimas
998 4495 1095 4575 Regiae
1116 4493 1280 4573 Maiestatis
1302 4495 1376 4555 Tuae
