3188 5414
367 500 557 555 EPlSTOLrli
567 499 610 556 ΕΤ
631 504 761 557 Bnnvla
778 504 1012 560 saudemont.
1208 516 1263 565 ’Πῦ

115 605 213 666 ordini
235 606 451 668 Sancti-Lazari
464 626 517 688 per
531 609 592 668 Nos
606 608 727 687 factam,
743 616 773 669 et
787 628 882 688 quarn
899 617 984 688 grata
998 611 1052 670 tibi
1066 620 1143 672 esset
1165 614 1264 676 lutura

116 704 274 783 singularis
289 711 393 765 nostra
404 705 442 767 de
462 712 506 782 lc,
528 705 625 785 dequo
637 706 781 785 religione
794 713 847 766 tua
860 705 890 765 in
901 722 938 766 ea
956 705 1095 768 nnircrsa
1107 723 1142 771 re
1161 720 1264 773 sancte

115 802 225 882 pieque
236 802 367 880 gerenda
378 801 499 880 fiducia,
508 802 546 862 de
556 821 618 881 quo
630 802 722 862 etiarn
731 801 874 862 dilectum
885 801 980 861 filium
990 809 1129 866 ruostmm
1140 806 1264 866 Joaclri-

112 918 190 962 num
200 902 231 961 S.
242 903 279 962 R.
291 903 326 962 E.
338 902 526 964 Cardiualem
537 902 575 962 de
588 900 766 981 Bernis,.qui
774 918 879 961 seusus
889 906 1008 962 nostros
1018 903 1157 981 preclare
1168 905 1262 980 novit,

111 999 274 1061 certiorem
289 1008 319 1061 te
329 992 434 1061 fecisse
451 1018 513 1061 non
525 998 755 1087 dubitabamus,
768 1004 874 1058 tamen
889 997 1034 1077 idipsum
1051 1005 1114 1059 tarn
1126 1000 1264 1062 luculen-

115 1107 171 1174 ter,
195 1105 318 1178 tamque
333 1097 478 1162 benevole
496 1097 722 1161 humanissimis
734 1096 842 1159 Literis
854 1097 914 1157 tuis
930 1097 1089 1176 significari
1103 1100 1195 1162 Nobis
1209 1100 1266 1163 luit
1353 1153 1356 1161 .

108 1193 375 1273 jucundissimum.
398 1196 446 1276 Ajd
465 1196 544 1257 hanc
566 1195 788 1274 jucunditatem
808 1201 945 1263 nostram
973 1196 1100 1258 mirifica
1120 1198 1200 1260 facta
1219 1206 1266 1261 est

114 1296 246 1356 accessio
274 1295 365 1356 literis
388 1294 573 1356 dilectissimi
597 1295 626 1356 in
647 1293 763 1355 Christo
784 1292 837 1353 lilii
859 1294 952 1355 nostri
977 1295 1118 1357 Ludovici
1137 1297 1264 1375 Augusti

112 1392 279 1453 Galliarum
290 1390 427 1472 Delphini
441 1392 565 1472 Nepotis
575 1391 630 1469 tui,
645 1390 756 1472 quibus
768 1391 927 1469 praeclaros
941 1409 1028 1468 snos,
1042 1411 1078 1452 ac
1089 1387 1148 1454 tirae
1161 1394 1264 1473 pietati

111 1497 332 1551 consentaneos
352 1506 458 1551 sensus
478 1491 537 1550 late
551 1487 644 1550 Nobis
658 1487 804 1568 explicat,
820 1506 966 1568 suamque
978 1486 1150 1551 accuratam
1162 1491 1192 1552 in
1207 1492 1264 1552 hac

112 1606 145 1647 re
157 1606 281 1668 operam
293 1605 329 1648 ac
339 1587 431 1649 fldem
444 1587 559 1667 prolixe
573 1587 741 1667 pollicetur.
755 1588 815 1647 Nos
827 1585 950 1666 quidem
960 1587 1115 1648 excellenti
1129 1588 1188 1649 hoc
1198 1595 1263 1665 tuo,

114 1692 259 1767 tuumque
270 1686 428 1766 exemplar
441 1687 550 1747 eximie
565 1686 718 1747 referentis
731 1685 854 1765 Nepotis
874 1685 917 1746 tui
934 1685 965 1745 in
979 1703 1079 1747 sacras
1094 1704 1143 1748 res
1163 1687 1264 1748 studio
1362 1688 1367 1700 “

111 1783 181 1845 freti
196 1803 257 1845 non
271 1785 369 1845 solum
383 1802 538 1863 speramus
552 1802 606 1845 eos
619 1784 720 1845 Sancti
735 1783 838 1845 Lazari
856 1783 952 1844 ordini
971 1783 1131 1845 attributos
1150 1784 1264 1847 reditus

114 1882 152 1941 ad
172 1868 224 1942 Dei
245 1881 371 1960 gloriam
391 1880 557 1960 praecipne,
576 1889 606 1941 et
626 1880 663 1940 ad
677 1876 846 1961 pauperum
862 1881 1024 1943 utilitatem
1040 1899 1190 1957 cessuros,
1211 1881 1264 1942 aed

115 1981 281 2041 uberrimos
296 1995 432 2059 quosque
442 1997 500 2058 pro
511 1997 614 2039 rerum
628 1979 853 2059 opportunitate
865 1979 1000 2058 religioni
1023 1983 1113 2058 atque
1125 1979 1263 2040 Ecclesiae
1327 2025 1328 2028 ,

114 2077 229 2160 linctus
237 2122 245 2152 ,
260 2076 397 2156 praesidia
412 2083 500 2155 atque
512 2083 690 2136 ornamenta
703 2095 721 2136 a
739 2077 825 2137 vobis
835 2094 1002 2155 numquam
1014 2069 1155 2138 defutura
1166 2075 1264 2136 conli-

113 2173 224 2234 ‹limus
248 2175 509 2253 Supervacaneum
527 2171 651 2232 omnino
666 2179 722 2249 est,
736 2173 889 2234 carissime
903 2172 934 2232 in
948 2172 1065 2232 Christo
1085 2171 1126 2232 lili
1149 2178 1262 2248 noster,

59 2317 65 2326 .
114 2279 147 2330 nt
161 2277 296 2349 nostram
307 2269 435 2329 invicem
445 2266 695 2332 studiosissimam
706 2268 891 2329 voluntalem
905 2268 1059 2348 nostrique
1070 2268 1100 2329 in
1112 2275 1142 2328 te
1153 2269 1263 2329 amaris

114 2367 351 2447 inagnitndinem
362 2366 415 2427 tibi
429 2366 566 2446 pluribus
576 2365 775 2428 declaremus.
791 2367 904 2427 Verum
914 2365 955 2427 ito
969 2365 1132 2426 universim
1144 2357 1174 2427 te
1188 2365 1262 2426 exis·

114 2466 219 2526 limare
230 2465 369 2546 cupimus
377 2510 385 2542 ,
400 2463 474 2525 nihil
487 2462 645 2543 essequod
661 2462 698 2525 ad
707 2469 792 2525 tuam
806 2467 923 2543 tuaque
938 2461 1037 2542 Regiae
1050 2466 1164 2524 Domus
1175 2463 1263 2524 inco-

112 2564 279 2624 lumitatem
289 2572 319 2625 et
330 2562 475 2642 gloriam,
490 2560 573 2642 quod
586 2561 721 2642 ad'regni
732 2562 980 2642 tranquillitatem
993 2567 1082 2641 alque
1097 2561 1262 2622 incremen-

112 2669 176 2721 tum
190 2663 353 2742 pertineat,
367 2663 397 2723 in
410 2680 471 2742 quo
480 2680 542 2723 non
550 2661 747 2726 libentissime
756 2680 879 2727 omnem
891 2667 1043 2738 nostram,
1057 2668 1147 2741 atque
1159 2663 1262 2740 Apos-

112 2760 208 2818 tolicae
221 2759 304 2820 Sedis
313 2777 419 2819 curam
432 2763 520 2838 atque
530 2776 655 2838 operam
666 2759 868 2836 conseramus,
877 2758 1019 2838 omnique
1030 2764 1084 2817 tua
1095 2777 1131 2818 ac
1140 2753 1262 2818 luorum

112 2857 253 2917 felicitate
269 2857 392 2936 perinde
408 2875 444 2916 ao
457 2848 560 2917 nostra
579 2856 723 2916 laetemur.
744 2858 789 2916 Ao
803 2855 833 2915 in
847 2873 971 2916 summae
992 2859 1138 2933 paternae,
1159 2872 1217 2933 qua
1233 2862 1263 2913 le

113 2952 353 3034 complectimur,
375 2950 507 3011 caritatis
521 2950 630 3030 pignus
651 2949 846 3029 apostolicam
860 2948 1101 3009 benedictionem
1114 2947 1262 3025 Majestati

112 3054 183 3111 'lura
201 3049 348 3130 regiisque
360 3042 488 3124 Liberis,
505 3065 540 3107 ac
551 3045 696 3107 universe
713 3045 821 3106 Domui
836 3045 1041 3107 amantissime
1062 3044 1260 3124 impertimur.

112 3151 421 3232 liquamenque,
433 3148 482 3206 die
497 3133 663 3220 asuapustl
670 3146 1063 3224 lttt,pocttstcutusuostri
1072 3161 1151 3203 uuna
1162 3146 1260 3203 lartio.

598 3273 773 3286 Ἣ

632 3396 739 3467 Ctvl.

422 3543 656 3622 CLEMENS
684 3544 811 3621 PAPA
840 3543 947 3619 xlv.

320 3697 377 3757 An
404 3694 670 3756 PERPETUAM
697 3692 770 3752 REI
795 3691 1052 3776 ΜΕΜΟΒΙΑΜ.

843 3827 940 3885 Romae,
953 3829 981 3875 31
1003 3824 1097 3886 augursti
1114 3827 1180 3873 llll.

153 3940 293 4000 Omnium
311 3935 401 3998 saluti
415 3939 541 4014 patema
552 3933 677 3993 caritate
691 3932 796 3992 intenti
812 3948 899 3992 sacra
920 3928 1070 3994 interdum
1088 3929 1156 3990 loca
1168 3926 1253 4008 spiri-

113 4039 245 4099 tualibus
259 4034 511 4116 indulgentiarum
529 4032 706 4094 muueribus
721 4031 918 4106 decoramus,
933 4034 967 4089 ut
978 4028 1047 4090 iude
1061 4026 1198 4088 lidelinm
1209 4025 1259 4086 do

112 4139 285 4197 functorum
299 4135 405 4196 anime
416 4134 452 4192 D.
463 4133 500 4192 N.
514 4133 543 4192 J.
559 4131 591 4191 G.
608 4131 730 4211 ejusque
745 4121 1258 4206 sanctorumsnllragiameritorum

113 4233 255 4313 consequi
270 4241 300 4294 et
317 4232 373 4294 illis
394 4232 503 4310 adjuta
519 4230 711 4310 apurgatorii
730 4228 827 4311 poenis
839 4227 877 4290 ad
897 4234 1040 4290 aeternam
1061 4221 1189 4284 salutem
1204 4233 1257 4304 per

112 4334 166 4396 Dei
180 4330 416 4393 misericordiam
436 4328 560 4413 perduci
583 4330 712 4391 valeant.
738 4326 1011 4409 Supplicationibus
1034 4323 1136 4402 itaque
1156 4321 1254 4384 dilecti
1348 4331 1349 4334 ’

111 4431 166 4499 lilii
186 4430 295 4491 nobilis
314 4428 369 4490 viri
391 4429 571 4491 Marchionis
598 4428 638 4490 de
659 4428 784 4488 Pombal
807 4427 885 4506 regis
906 4421 1069 4486 fidelissimi
1097 4420 1273 4483 secretariov

113 4537 208 4592 status
228 4528 320 4591 Nobis
333 4547 422 4610 super
440 4530 497 4590 hoc
518 4529 670 4590 humililer
694 4526 838 4607 porrectis
860 4522 1016 4599 inclinati,
1032 4519 1255 4598 volentescap-
