3188 5414
324 502 355 550 lb
753 495 955 550 CLEMENTIS
973 496 1039 550 XlV

262 632 265 636 Δ
320 601 506 681 pontiliciam
526 600 564 662 ad
577 601 638 662 Nos
650 600 782 661 delatam
793 599 977 678 'dignitatem
993 601 1194 662 cumulatiora
1208 600 1332 662 luerunt
1346 601 1412 677 ejus
1429 601 1468 662 li-

320 697 388 759 belli
401 697 589 775 accessione,
608 716 700 779 quem
708 698 747 775 de
757 700 850 761 veteri
864 704 895 762 et
912 716 990 762 nova
1001 698 1099 761 forma
1112 698 1265 780 pontilicis
1283 700 1401 760 romani
1411 699 1470 760 eli-

319 795 407 874 gendi
428 802 490 856 ate
507 796 580 857 olim
601 795 803 877 perscriptum
816 801 906 863 tertio
918 816 1024 878 nuper,
1046 815 1116 858 cum
1130 798 1160 858 in
1174 796 1304 858 comitiis
1322 809 1468 875 essemus,

319 891 449 954 edidisti.
468 894 502 955 Id
520 894 608 964 nobis
625 900 787 974 utrumque
801 894 859 957 luit
870 894 1142 976 jucundissimum
1166 895 1299 976 primum
1312 895 1393 957 enim
1406 914 1470 977 prae
1543 961 1546 970 ,

319 1005 350 1049 se
366 986 423 1049 lert
435 987 570 1051 animum
581 996 668 1051 tuum
679 989 826 1071 obsequii,
839 993 909 1054 fidei
917 999 956 1054 et
969 991 1167 1053 observantie
1177 1011 1249 1072 erga
1258 994 1319 1053 Nos
1330 1009 1366 1053 ac
1376 1011 1470 1072 apos-

319 1085 441 1146 tolicam
455 1085 534 1148 banc
546 1086 649 1153 sedern
660 1088 879 1168 plenissimum,
895 1092 1023 1153 alterum
1041 1087 1176 1153 declarat
1185 1089 1284 1150 studia
1294 1094 1385 1176 atque
1396 1108 1470 1151 cru-

319 1180 464 1244 ditionem
480 1188 566 1245 tuam
581 1201 686 1246 earum
706 1186 872 1265 prasertim
886 1205 1004 1264 rerum,
1016 1204 1084 1266 quae
1105 1185 1145 1247 ed
1159 1187 1221 1247 Nos
1241 1185 1469 1266 quodammodo

319 1280 360 1341 ob
374 1280 471 1361 ipsam
492 1280 571 1342 banc
587 1280 630 1343 rei
644 1288 674 1343 et
694 1284 840 1364 temporis
859 1282 1118 1366 opportunitatem
1139 1283 1319 1345 referuntur.
1340 1283 1469 1346 Proinde

319 1383 422 1438 nostra
439 1377 568 1438 invicem
588 1377 642 1439 tibi
660 1387 786 1460 paterna
803 1381 1013 1445 benevolentia
1032 1380 1246 1462 respondentes
1263 1381 1421 1460 eamdem,
1443 1384 1469 1444 si

318 1473 390 1554 quid
412 1492 430 1534 a
450 1474 543 1536 Nobis
563 1494 640 1556 opus
669 1477 742 1556 erit,
768 1472 890 1558 praesto
903 1479 957 1541 tibi
981 1474 1107 1560 semper¹
1120 1479 1254 1542 futuram
1276 1479 1466 1560 pollicemur.

319 1573 456 1651 Interim,
472 1580 506 1634 ut
531 1580 561 1635 te
574 1579 677 1637 nostro
698 1575 847 1639 desiderio
864 1596 935 1639 cum
951 1584 1121 1639 ceterorum
1144 1576 1279 1639 fidelium
1303 1578 1380 1639 votis
1401 1584 1469 1640 tuas

318 1670 464 1732 etiamad
486 1673 582 1742 Deum
600 1673 716 1754 optimo
734 1675 868 1737 maximo
886 1694 942 1756 pro
955 1681 1059 1737 nostra
1080 1676 1243 1738 munienda
1260 1676 1468 1738 imbecillitate

319 1768 637 1848 precesconjungendi
651 1769 823 1832 satisfacere
834 1789 896 1833 non
915 1770 1106 1848 dubitamus,
1120 1773 1162 1834 ita
1177 1774 1238 1835 Nos
1258 1773 1289 1834 in
1305 1772 1468 1852 pontificiae

315 1865 454 1929 caritatis
469 1854 578 1948 pignus'
589 1867 787 1948 apostolicam
808 1867 1050 1931 benedictionem
1064 1869 1136 1946 tibi,
1160 1868 1269 1933 dilecte
1292 1869 1351 1947 tili,
1375 1889 1467 1951 pera-
1494 1875 1498 1883 '

319 1970 436 2028 menter
450 1965 650 2047 impertimur.
666 1968 783 2030 Datum
800 1967 916 2040 Romae,
933 1974 1006 2046 ete,
1016 1968 1066 2028 die
1088 1977 1125 2029 aa
1137 1970 1213 2045 julii
1232 1978 1305 2030 lvaa
1317 2014 1325 2044 ,
1339 1973 1469 2047 pontifi-

319 2071 403 2127 catus
417 2069 513 2131 aostrv'
526 2083 607 2127 anuo
616 2068 727 2144 primo.

755 2388 758 2393 .
830 2303 948 2373 nvru.

773 2469 905 2510 DlLECTO
927 2470 1012 2512 mlo

466 2583 480 2615 ,ν
549 2659 552 2665 Ι
604 2563 736 2643 prmo
757 2583 974 2669 anancaeo
993 2582 1175 2657 aounrnn,

317 2780 320 2785 .
344 2681 623 2771 nnnnnrcvmonum
639 2714 916 2785 conenuuamoms
931 2716 956 2764 S.
973 2713 1075 2763 mrum
1092 2712 1261 2763 strumum
1278 2710 1443 2768 Genauam,

565 2857 588 2891 '-
633 2831 868 2916 CLEMENS
895 2837 1023 2917 PAPA
1051 2834 1160 2912 XIV.

1091 3008 1186 3067 Rome,
1200 3010 1214 3053 2
1228 3003 1321 3064 augusti
1339 3004 1406 3051 tlte.

361 3119 488 3194 vitame,
509 3128 564 3182 etc.
583 3125 693 3204 Magno
707 3124 819 3202 gaudio
836 3129 867 3184 te
885 3130 1031 3208 tuamque
1051 3115 1317 3198 congregationem
1340 3114 1470 3176 allectos

209 3223 213 3230 '
319 3214 411 3277 luisse
437 3216 477 3277 ob
502 3224 638 3280 nostram
665 3218 704 3279 ad
728 3218 918 3298 pontificium
944 3217 1066 3277 culmen
1090 3211 1277 3274 evectionem
1303 3209 1471 3272 luculenter

320 3312 474 3375 declarant
487 3318 546 3376 tuae
558 3314 750 3376 observantia
765 3314 795 3374 in
806 3315 883 3391 Nos,
898 3313 957 3375 tide
973 3330 1009 3374 ac
1022 3309 1134 3392 pietate
1148 3305 1264 3368 refertae
1274 3304 1393 3367 litterae.
1411 3307 1470 3370 Sed

315 3410 362 3484 ,ita
375 3406 529 3493 'perspecti
548 3412 614 3491 jam
632 3418 722 3473 antea
734 3410 827 3473 Nobis
846 3417 932 3474 erant
952 3409 995 3473 tui
1008 3409 1039 3470 in
1053 3406 1133 3469 hanc
1153 3403 1350 3486 apostolicam
1367 3403 1470 3466 sedem

318 3526 438 3586 sensus,
449 3515 483 3593 ut
498 3508 621 3571 eosdem
637 3525 719 3570 nunc
732 3508 894 3572 cumulatis
911 3502 1178 3588 significationibus
1192 3507 1317 3564 testatos
1328 3520 1390 3564 non
1407 3508 1471 3563 tarn

235 3599 238 3605 ’
320 3605 412 3667 Nobis
430 3605 607 3689 probaveris
622 3625 716 3691 quam
737 3606 834 3688 magis
851 3607 1007 3689 magisque
1022 3599 1257 3665 confirmaveris.
1277 3601 1383 3680 ltaque
1399 3618 1471 3680 gra-

319 3705 437 3768 tissima
446 3705 540 3768 Nobis
553 3704 675 3769 fuerunt
689 3705 789 3768 officia
802 3706 867 3768 haec
880 3713 944 3784 tua,
957 3694 1025 3785 quae
1039 3720 1057 3763 a
1074 3706 1105 3764 te
1117 3697 1209 3762 etiam
1219 3705 1331 3780 tuaque
1342 3716 1471 3778 congre-
1498 3713 1502 3736 ³

320 3804 440 3884 gatione
453 3802 549 3884 magis
558 3805 781 3886 amplificantur
794 3802 880 3880 lusis,
892 3808 926 3864 nt
940 3799 1058 3877 scribis,
1073 3796 1112 3860 ad
1124 3795 1400 3858 misericordiarum
1413 3811 1471 3874 pa-

321 3907 398 3963 trem
420 3900 580 3984 precibus,
602 3909 636 3965 ut
650 3909 824 3965 nostrarum
838 3898 956 3962 'virium
977 3895 1214 3960 imbecillitatem
1234 3895 1265 3955 in
1293 3892 1471 3974 gravissimo

321 4000 453 4078 gerendo
472 4018 598 4063 munere
619 4021 675 4064 suo
693 4002 758 4083 ipse
776 4000 916 4084 praesidio
931 3998 1037 4062 fulciat
1048 4016 1084 4059 ac
1105 3993 1292 4059 corroboret.
1306 3995 1340 4054 ln'
1358 3990 1471 4070 judicio

321 4116 393 4161 vero
404 4099 442 4162 de
455 4098 548 4182 Nobis
560 4093 615 4171 tuo
625 4099 701 4161 nihil
714 4099 770 4182 ipsi
782 4098 840 4173 nisi
854 4097 1087 4173 humanitatem,
1099 4093 1245 4176 pietatem
1259 4108 1296 4152 ac
1309 4089 1471 4151 vehemens

323 4191 353 4253 in
364 4195 451 4258 nobis
461 4195 554 4258 animi
566 4194 610 4257 tui
625 4194 759 4258 studimn
774 4193 976 4276 agnoscimus.
986 4193 1048 4255 Nos
1062 4189 1192 4256 invicem
1208 4185 1250 4248 ita
1263 4185 1335 4247 inte
1347 4184 1470 4246 animati

323 4308 442 4370 snmus,
458 4299 494 4357 ut
514 4293 646 4375 aliquam
669 4291 852 4375 suppeditari
873 4291 962 4363 nobis
985 4287 1243 4372 opportunitatem
1263 4282 1395 4346 maxime
1415 4299 1472 4342 cu-

323 4388 443 4468 piamus
453 4389 627 4455 declarandi
641 4389 742 4473 reipsa
751 4389 824 4468 tibi,
836 4408 929 4471 quam
940 4386 1057 4469 prolixa
1073 4392 1104 4446 te
1123 4390 1252 4464 tuosque
1265 4376 1473 4443 benevolentia

321 4487 574 4572 complectamur.
589 4487 711 4551 interim
725 4487 756 4548 in
770 4488 861 4566 hujus
871 4493 1004 4568 paterna·
1014 4481 1148 4546 caritatis
1157 4481 1265 4562 pignus
1276 4474 1472 4560 apostolicam
