3188 5414
228 539 277 587 148
648 529 849 586 cuumuums
869 529 935 584 xlv

215 636 295 713 ruit,
310 635 502 699 dilectissime
514 635 544 696 in
555 634 670 696 Christo
680 635 721 696 tili
733 642 846 712 noster,
857 653 894 697 ea
907 642 937 696 te
951 633 988 694 de
1002 632 1095 694 Nobis
1108 632 1211 693 omnia
1222 633 1379 714 polliceri,

224 749 422 814 quecumque
435 732 544 794 eunuc
559 731 731 810 hujusmodi
746 739 851 794 nostro
871 732 902 792 in
920 737 950 792 te
971 737 1099 811 paterno
1122 728 1219 790 amori
1238 731 1382 793 maxime

224 828 425 893 consentiunt.
444 832 568 890 Paratus
584 831 645 890 Nos
666 828 768 909 itaque
788 828 924 890 existima
941 827 992 890 illa
1001 873 1010 906 ,
1025 827 1063 889 de
1080 827 1191 908 quibus
1210 828 1381 892 nobiscum

224 933 288 988 tam
302 926 433 989 studiose
449 925 511 1007 ugis
524 925 555 987 iu
570 928 631 987 Nos
650 925 731 1007 ipsos
748 925 917 1006 suscipere,
939 944 974 986 ac
991 924 1107 986 semina
1126 925 1230 1002 omnia
1251 935 1382 990 coutro-

224 1020 388 1084 versiarum
401 1021 476 1083 inter
492 1029 532 1100 tc,
554 1039 590 1083 ec
609 1029 718 1083 sancte
734 1024 876 1083 Romame
893 1021 1031 1083 Ecclesiae
1049 1020 1254 1084 Cardinalium
1272 1024 1381 1086 Colle-

222 1119 306 1198 gium
315 1164 324 1198 ,
336 1126 437 1182 nostre
460 1120 638 1182 auctoritate
652 1119 838 1197 abscindere,
854 1125 944 1199 atque
959 1136 996 1180 ea
1013 1117 1213 1198 imposterum
1234 1119 1296 1181 rite
1310 1140 1381 1184 ser-

223 1215 319 1277 uando
340 1215 517 1294 decernere,
542 1223 576 1278 ut
596 1217 662 1298 ipso
684 1219 809 1278 Decreto
827 1224 931 1278 nostro
950 1216 1137 1279 satisfactum
1154 1217 1209 1278 tibi
1230 1237 1324 1299 esse,
1343 1241 1380 1284 ac

215 1310 382 1373 >stercorari
396 1311 536 1391 Dignitali
553 1313 720 1374 consultam
733 1312 819 1373 lacile
838 1313 932 1373 videri
950 1313 1056 1394 possit.
1071 1313 1131 1374 Sed
1144 1313 1220 1374 dum
1234 1314 1293 1375 tibi
1307 1333 1380 1376 uos-

223 1413 304 1468 trum
316 1407 413 1485 hune,
427 1409 549 1488 qualem
568 1410 698 1470 maxime
710 1410 810 1490 cupis,
824 1411 1012 1474 declaremus
1032 1412 1179 1492 animum,
1198 1433 1262 1475 una
1281 1416 1379 1477 etiam

213 1511 397 1590 plurimam,
407 1528 500 1591 quam
510 1509 645 1572 levemus
655 1509 694 1571 de
704 1514 757 1570 tua
769 1509 800 1571 in
812 1511 873 1570 Nos
884 1510 965 1572 filiali
976 1511 1087 1591 pietate
1098 1510 1244 1573 fiduciam
1256 1513 1379 1593 patela-

223 1607 330 1684 cimus,
350 1625 386 1668 ae
406 1605 530 1687 proinde
548 1613 608 1668 ate
628 1605 818 1668 vehementer
837 1607 985 1688 petimus,
999 1615 1034 1669 ut
1052 1608 1126 1688 quid
1144 1627 1233 1670 emor
1254 1609 1289 1670 in
1315 1611 1378 1671 Nos

224 1711 294 1764 tuus
305 1703 434 1765 vicissim
445 1722 525 1765 nunc
536 1722 554 1764 a
564 1709 594 1764 te
606 1704 748 1784 postulet,
762 1704 909 1767 deliberes
923 1725 959 1767 ac
976 1706 1132 1768 decernes.
1145 1707 1268 1787 Optime
1280 1709 1376 1786 nosti,

223 1799 413 1862 dilectissime
435 1801 465 1862 in
485 1800 601 1866 Christo
618 1801 660 1862 iili
673 1809 787 1880 noster,
802 1822 895 1883 quam
909 1823 965 1884 pro
978 1804 1119 1885 imposito
1132 1804 1227 1866 Nobis
1245 1823 1377 1867 munere

222 1898 339 1961 solliciti
350 1918 415 1961 esse
431 1898 595 1961 debeamus
607 1899 645 1961 de
663 1899 698 1962 iis
709 1901 867 1979 omnibus,
881 1921 948 1982 quae
962 1901 1001 1963 ad
1016 1900 1155 1964 Ecclesia
1165 1900 1249 1979 jura,
1265 1909 1377 1983 pesto-

221 1996 283 2059 rale
303 1997 519 2076 ministerium,
534 1999 659 2079 ejusque
679 1999 834 2061 exercendi
856 2000 1025 2063 libertatem
1047 1997 1217 2082 pertinent,
1233 2009 1266 2062 et
1280 2021 1376 2083 quam

103 2107 107 2115 ‘
220 2114 296 2177 egre
307 2096 418 2159 idcireo
436 2097 592 2159 tulerimus
612 2096 711 2159 edicta
728 2097 789 2175 ille,
803 2116 871 2177 quae
884 2099 914 2158 in
928 2117 965 2159 eo
981 2090 1090 2178 genere
1106 2097 1195 2161 istbic
1215 2097 1301 2162 iacta
1311 2120 1376 2162 cre

220 2195 276 2256 bro
294 2195 333 2257 ad
350 2197 411 2257 Nos
428 2193 639 2256 afferebantur.
663 2194 727 2255 Etsi
748 2194 834 2256 valde
848 2213 896 2256 res
914 2195 984 2275 ipse
1004 2195 1207 2276 displicerent,
1228 2197 1376 2260 iuducere

220 2304 321 2357 tamen
342 2295 372 2356 in
392 2294 527 2357 animum
548 2310 703 2374 nunquam
721 2292 893 2373 potuimus,
909 2301 943 2354 ut
966 2293 1132 2373 quidquam
1145 2294 1184 2355 de
1203 2301 1252 2372 te,
1280 2300 1375 2376 qu'em

220 2389 350 2452 maxime
363 2388 525 2470 diligimus,
538 2406 623 2450 secus
634 2406 670 2449 ac
681 2393 765 2449 tuem
768 2397 786 2465 ,⁰
793 2397 973 2468 tuorumque
990 2389 1137 2467 Maiorem
1150 2389 1299 2470 pietatem
1317 2391 1376 2452 de-

219 2496 312 2567 ceret,
327 2488 559 2571 suspicaremur,
575 2505 636 2568 qua
656 2486 687 2548 in
707 2486 887 2566 cogitatione
899 2490 995 2570 magis
1013 2491 1114 2553 adbuc
1130 2491 1306 2556 confirmati
1320 2514 1376 2557 su-

220 2600 299 2662 mus,
317 2603 388 2647 cum
401 2584 440 2646 de
451 2582 623 2662 hujusmodi
637 2583 726 2645 rebus
741 2584 797 2646 site
807 2587 1023 2667 componendis
1037 2588 1176 2653 adilecto
1188 2590 1253 2653 filio
1267 2600 1376 2656 nosue

219 2682 367 2759 Cardinali
384 2680 565 2751 Pallavioino
584 2681 751 2744 Secretario
769 2683 890 2761 Status,
913 2691 944 2746 et
963 2685 1068 2747 itidem
1089 2705 1108 2748 a
1126 2689 1300 2752 Secretorio
1320 2698 1375 2753 tuo
1457 2709 1459 2716 ·

218 2778 329 2843 dilecto
340 2781 401 2845 filio
414 2779 513 2843 Nobili
527 2780 591 2843 viro
604 2780 718 2844 Gemite
731 2781 952 2860 Paumgartben
968 2783 1015 2863 agi
1029 2791 1163 2865 creptum
1176 2793 1269 2848 esset.
1286 2790 1376 2852 Nune

218 2873 370 2947 declarata
381 2882 510 2946 inuicem
524 2881 679 2962 utriusque
690 2879 783 2942 nostri
797 2881 875 2941 inter
887 2881 948 2942 Nos
960 2882 1049 2962 plena
1061 2881 1173 2944 amoris
1188 2883 1376 2967 pietatisque

218 2978 331 3043 fiducia
352 2979 425 3063 quid
447 2977 715 3055 accommodatius,
733 2995 768 3038 ec
783 2975 982 3058 opportunius
1001 2995 1067 3039 esse
1087 2985 1203 3058 potest,
1219 2985 1320 3060 quem
1342 2992 1377 3045 ut

217 3076 325 3138 eodem
342 3085 479 3160 tempore
498 3076 537 3138 ad
555 3095 659 3138 omnes
679 3096 742 3154 ees,
762 3095 829 3156 que
854 3075 1063 3148 intercedunt,
1091 3095 1200 3138 causas
1220 3079 1376 3144 tollendas

217 3178 454 3259 resecandasque
471 3176 703 3238 incumbamus?
715 3175 747 3236 ld
763 3173 851 3254 igitur
871 3180 934 3236 ate
952 3173 1100 3251 majorem
1114 3173 1145 3235 in
1165 3174 1298 3238 modum
1316 3197 1377 3243 cu-

217 3279 332 3362 pimus,
346 3286 435 3360 teque
452 3277 545 3339 etiam
560 3281 649 3356 atque
668 3273 760 3335 etiam
774 3272 983 3349 obsecramus,
996 3271 1188 3334 dilectissime
1205 3273 1237 3334 in
1251 3275 1377 3340 Christo

217 3376 260 3439 lili
276 3383 390 3454 noster,
406 3383 440 3438 ut
453 3392 514 3456 quo
525 3375 586 3435 Nos
598 3372 699 3434 animo
714 3371 864 3453 postulate
874 3378 927 3434 tua
940 3371 1125 3453 excepimus,
1140 3373 1251 3437 eodem
1263 3383 1299 3438 tu
1309 3377 1377 3441 hec

216 3485 321 3542 nostra
338 3475 482 3558 excipias,
496 3473 632 3554 interque
650 3472 711 3533 Nos
727 3476 834 3532 mutuo
854 3466 1071 3548 contendamus
1093 3476 1128 3532 ut
1146 3489 1208 3534 una
1227 3463 1377 3538 constare

217 3577 323 3660 possit,
338 3595 432 3660 quam
453 3593 564 3655 magna
585 3572 731 3634 habeatur
744 3570 834 3648 ratio,
849 3576 879 3631 et
894 3575 1017 3666 tuorum
1033 3571 1212 3634 meritorum
1227 3591 1247 3633 u
1263 3575 1375 3653 Nobis,

217 3688 248 3744 et
260 3700 279 3743 a
289 3687 319 3742 te
332 3695 437 3741 eorum
450 3674 599 3751 omnium,
609 3690 676 3753 quae
694 3670 733 3732 ad
747 3672 808 3731 Nos
821 3667 1022 3750 Ecclesiaeque
1037 3668 1181 3732 universe
1199 3670 1273 3748 jura
1290 3671 1376 3735 refe-

216 3784 335 3841 runtur.
348 3776 393 3836 Ec
405 3777 495 3856 pacto
512 3778 543 3834 et
556 3777 610 3834 tua
621 3787 692 3849 erga
705 3769 767 3830 Nos
781 3765 893 3847 pietate
904 3765 1030 3829 mirifice
1040 3765 1222 3846 laetabimur,
1241 3774 1274 3829 et
1287 3771 1376 3850 quod

216 3877 304 3939 enixe
314 3879 455 3956 optamus
465 3916 473 3948 ,
483 3877 640 3952 paternam
656 3863 925 3928 cumulatissimam
939 3863 993 3926 tibi
1004 3864 1193 3926 voluntatem
1205 3865 1374 3947 perspicue

216 3971 492 4058 comprobabimus.
522 3967 644 4031 Interim
671 3965 702 4026 in
733 3963 881 4043 singulare
910 3961 1074 4024 Pontifieie
1097 3960 1232 4023 caritatis
1257 3963 1375 4044 pignus

217 4065 414 4155 apostolicam
432 4066 672 4129 benedictionem
696 4061 762 4139 tibi,
781 4059 973 4124 dilectissime
995 4061 1025 4123 in
1047 4061 1164 4124 Christo
1184 4060 1226 4124 fili
1251 4068 1372 4143 noster,

218 4173 335 4248 tueque
355 4163 461 4227 inclite
473 4153 753 4224 Electoralibomui
775 4155 881 4220 intimo
894 4158 1012 4238 paterni
1030 4157 1129 4220 cordis
1142 4175 1233 4221 sensu
1258 4177 1375 4223 eman-

218 4261 330 4325 tissime
344 4259 543 4344 impertimur.
562 4259 675 4318 Datum
690 4255 802 4324 Romoe,
821 4261 891 4331 etc,
907 4255 956 4315 die
974 4266 991 4316 t
1007 4255 1083 4334 maji
1092 4265 1189 4340 titt,
1209 4257 1374 4334 pontuficil·

220 4363 268 4422 tur
286 4366 383 4423 nostri
395 4377 477 4422 enno
490 4362 598 4437 primo.

698 4510 875 4531 ...v—uq—
