3188 5414
745 495 947 553 CLEMENTlS
965 495 1049 549 xiv·

790 663 984 735 ccxcviii.

1045 809 1153 866 Viennae,
1166 812 1195 857 tt
1211 805 1320 856 februari
1331 810 1401 858 177⁴.

352 925 532 986 Rectissime
550 931 583 986 ic
603 926 725 987 cbristo
744 929 855 996 Pater,
882 928 1009 986 Domine
1026 921 1304 984 Reuerecdiraime!
1314 922 1386 983 Post
1396 920 1459 982 olfi-

311 1022 508 1085 clusissimam
522 1022 815 1086 commendationem
835 1022 931 1084 filialis
953 1020 1150 1084 observantiae
1164 1018 1345 1082 continuum
1363 1019 1459 1080 incre-

311 1126 460 1183 mentum·
480 1121 555 1183 Cum
569 1140 625 1203 pro
639 1122 756 1184 sincero
772 1126 875 1182 nostro
892 1137 963 1200 erga
979 1119 1176 1180 Sanctitatem
1194 1118 1337 1179 Vestram
1360 1115 1458 1178 animo

311 1218 413 1280 omnia
434 1237 500 1298 qua
522 1218 620 1281 eidem
640 1225 727 1299 grata
749 1235 785 1279 ac
805 1215 1127 1299 prosperaeveniunt,
1150 1214 1239 1277 simul
1250 1220 1354 1277 nostra
1365 1232 1458 1294 repu-

310 1320 424 1393 temus,
440 1317 582 1399 peculiari
597 1317 788 1400 percepimus
797 1315 915 1390 letitia,
932 1309 1000 1395 que
1010 1312 1048 1375 de
1061 1312 1246 1375 restituenda
1263 1312 1377 1373 Sancte
1390 1309 1457 1371 Sedi

311 1412 547 1476 aSerenissimis
565 1415 730 1477 Galliarum
749 1420 780 1476 et
799 1412 956 1494 utriusque
975 1411 1078 1474 Sicilia
1097 1410 1218 1491 regibus
1234 1409 1365 1490 pristina
1379 1411 1457 1469 Ave-

310 1508 424 1588 nionis‚
440 1510 605 1573 Comitatus
621 1510 791 1588 Venaisini‚
812 1508 975 1572 Beneventi
998 1515 1030 1570 et
1046 1508 1149 1570 Pontis
1160 1506 1249 1569 Curvi
1272 1503 1456 1587 possessione

310 1623 364 1684 per
376 1605 462 1667 datas
481 1606 518 1668 ad
532 1608 593 1670 Nos
612 1607 659 1669 die
677 1607 795 1669 decima
810 1624 891 1669 nona
904 1604 1016 1667 mensis
1030 1622 1127 1686 nuper
1140 1603 1233 1685 elapsi
1252 1603 1359 1667 literas
1371 1602 1456 1664 Nobis

310 1701 497 1782 significavit.
513 1705 580 1766 Rite
600 1703 646 1766 ha
660 1703 752 1767 Nobis
765 1703 803 1765 ab
817 1701 948 1764 Antonio
960 1701 1095 1782 Eugenio
1113 1699 1267 1762 cardinale
1283 1699 1454 1762 vicecomite

310 1818 402 1879 penes
426 1803 526 1865 aulam
549 1809 684 1866 nostram
705 1802 815 1864 nuncio
838 1800 1012 1882 Apostolico
1036 1816 1097 1859 nna
1120 1816 1191 1859 cum
1207 1796 1408 1859 allocutionis
1428 1796 1456 1857 in

310 1901 427 1960 secreto
451 1898 628 1962 consistorio
649 1899 759 1963 habita
780 1897 925 1981 exemplis
946 1895 1084 1958 exhibita
1107 1894 1244 1973 luerunt,
1266 1893 1457 1974 faustumque

309 1992 391 2056 hunc
402 2003 543 2059 eventum
559 1996 738 2060 Beatitudini
754 1998 868 2058 Vestrae
888 2013 924 2056 eo
938 1993 1035 2074 magis
1048 1995 1247 2074 gratulamur,
1266 2011 1302 2054 ac
1317 2011 1336 2054 a
1354 1992 1457 2073 majori

310 2106 430 2172 semper
451 2111 506 2167 sua
525 2110 595 2154 cum
615 2092 737 2173 regibus
750 2090 907 2154 catholicis
927 2088 1123 2151 consensione
1144 2087 1260 2170 optima
1281 2087 1395 2170 quaevis
1407 2107 1459 2170 pro

310 2185 402 2249 totius
417 2188 556 2251 Ecclesia
574 2188 788 2271 tranquillitate
807 2206 843 2251 ac
860 2207 917 2271 pro
931 2186 1143 2251 communibus
1163 2184 1335 2248 commodis
1358 2186 1459 2267 auspi-

308 2285 406 2347 canda
422 2293 501 2348 sunt.
521 2289 597 2350 Cum
608 2287 671 2351 Nos
685 2289 726 2350 sic
745 2288 776 2349 in
793 2286 1020 2368 comprobanda
1037 2285 1120 2347 filiali
1133 2291 1237 2347 nostra
1250 2303 1324 2366 erga
1343 2286 1459 2348 Sancti-

308 2389 403 2445 tatem
422 2387 560 2448 Vestram
577 2388 738 2455 ,voluntate
760 2405 796 2448 ac
815 2385 923 2447 aflectu
946 2383 1020 2446 nihil
1040 2383 1171 2446 relicturi
1179 2382 1292 2462 simus,
1315 2389 1459 2464 concepta

311 2497 367 2541 aua
388 2478 525 2564 desuper
536 2481 647 2545 fiducia
667 2482 871 2544 desideratum
895 2488 1070 2562 assequetur
1090 2481 1362 2566 complementum.
1384 2480 1459 2542 Velit
1551 2494 1556 2505 ·

308 2575 434 2657 proinde
454 2576 624 2641 beneficum
645 2597 757 2641 numen
779 2577 960 2640 salutaribus
980 2579 1176 2643 Beatitudinis
1194 2580 1309 2643 Vestrae
1329 2579 1459 2642 consiliis

309 2688 428 2758 semper
446 2675 542 2756 magis
555 2674 669 2755 lavere,
685 2676 843 2757 eidemque
858 2694 919 2738 non
940 2676 1041 2761 minus
1061 2679 1228 2760 longaevum
1248 2696 1344 2760 qnam
1362 2677 1459 2739 fortu-

310 2770 501 2833 natissimum
512 2774 652 2844 Ecclesiae
670 2774 802 2855 regimen
811 2779 875 2836 tam
884 2773 1012 2855 benigne
1022 2775 1168 2858 impertiri
1180 2795 1216 2838 ac
1226 2774 1301 2838 illud
1316 2775 1458 2838 omuibus

193 2944 198 2957 ι
309 2868 486 2953 exoptamus
499 2871 587 2932 volis.
602 2873 715 2934 Datum
738 2873 871 2944 Viennae,
891 2872 940 2932 die
961 2883 999 2932 22
1012 2871 1153 2950 februari
1168 2883 1257 2951 1774,
1271 2878 1328 2936 etc.

409 2976 581 3041 sanctitatis
591 2979 703 3040 Vestra
714 2977 882 3059 obsequens
897 2975 977 3039 iilius

1115 3080 1279 3136 Josrrnus.

800 3171 981 3183 -——u

800 3288 966 3359 CCXCIX.

508 3425 680 3501 nuracnu
702 3442 753 3502 nu
774 3444 817 3502 n.
840 3444 889 3502 m
910 3444 990 3504 nuc
1008 3443 1262 3506 u’arourmon

641 3568 659 3613 Α
677 3567 709 3614 Μ.
728 3567 768 3615 Lu
785 3569 940 3618 carulum
958 3571 1000 3618 DE
1015 3569 1128 3618 BERNIS

1035 3690 1174 3753 versatiles,
1188 3691 1238 3740 les
1253 3655 1317 3739 mars
1331 3693 1398 3741 lili.

349 3801 441 3859 Votre
455 3788 615 3863 Eminence
629 3803 687 3865 sait
704 3822 763 3884 que
783 3804 825 3865 les
841 3804 946 3866 traites
962 3805 1000 3866 de
1018 3803 1203 3886 Westphalie
1224 3811 1278 3866 ont
1304 3803 1461 3867 maintenu
1550 3808 1555 3883 j

309 3895 352 3958 les
369 3893 544 3958 Lutbdriens
557 3897 664 3960 etablis
677 3916 716 3960 en
738 3898 844 3961 Alsaee
864 3895 940 3962 dans
961 3899 989 3961 lc
1004 3900 1080 3962 libre
1100 3900 1234 3961 cxercice
1248 3899 1287 3961 de
1303 3900 1371 3961 leur
1388 3900 1461 3962 reli-

309 3994 391 4072 gion.
413 3995 472 4054 Par
490 3997 568 4054 celte
588 3994 779 4075 stipulation,
800 4013 859 4076 que
878 3997 922 4057 les
938 3995 1157 4058 circonstanoes
1176 3996 1332 4058 rendaient
1354 3998 1458 4059 neces-

310 4090 402 4164 saira,
413 4091 450 4152 la
471 4088 521 4151 lau
541 4089 586 4152 roi
602 4090 693 4152 Louis
713 4091 814 4152 XlVa
831 4091 879 4153 e'te
895 4092 994 4171 oblige
1012 4091 1190 4153 d’admettre
1207 4092 1283 4153 dans
1298 4091 1330 4154 la
1347 4094 1460 4156 societte

310 4185 395 4248 civile
416 4205 475 4248 une
489 4185 681 4248 commission
698 4206 757 4267 que
777 4189 820 4249 les
834 4188 891 4251 lois
908 4189 949 4251 du
968 4208 1113 4272 royaume
1132 4208 1170 4273 eq
1189 4189 1370 4253 excluaient.
1385 4194 1461 4255 Mais
1576 4268 1580 4279 ,

310 4301 346 4344 ce
366 4285 485 4366 prinae,
504 4291 723 4347 constamment
736 4286 835 4348 anime
857 4287 899 4348 du
913 4289 975 4350 zble
990 4290 1017 4351 le
1036 4291 1105 4370 plus
1125 4306 1185 4368 pur
1198 4308 1276 4371 pour
1287 4289 1319 4350 la
1334 4291 1460 4371 religion

312 4379 498 4462 catholique,
520 4402 538 4443 a
557 4381 700 4461 cherche,
714 4402 771 4464 par
788 4384 960 4452 dille'rentes
976 4386 1077 4464 voies,
1093 4388 1261 4447 aramener
1278 4387 1367 4448 ason
1380 4389 1460 4450 culte

311 4494 387 4537 ceux
401 4477 500 4540 deses
521 4480 613 4558 sujets
631 4480 768 4543 d'rllsace
780 4482 832 4562 qui
849 4503 886 4545 en
901 4483 1011 4545 etaient
1027 4482 1163 4564 separes,
1178 4489 1208 4543 et
1226 4480 1300 4543 c’est
1313 4481 1392 4544 dans
1412 4493 1458 4546 oet
