3188 5414
218 582 220 586 Ι
318 513 370 561 aas
747 504 948 561 ornntou'ns
965 503 1030 557 x1v

220 681 228 698 ι
316 612 404 694 peina
417 605 492 692 quil
501 610 712 691 appartiendra
725 609 843 671 suivant
851 606 1012 685 l’exigence
1023 605 1076 666 des
1087 623 1151 683 cas,
1160 603 1258 667 nieme
1268 603 1366 666 d’etre
1376 623 1463 686 poor-

316 708 406 770 suiuis
417 706 752 782 extraordinairemeot,
766 703 843 784 s'ily
860 703 958 765 sanet.
974 701 1145 765 Exhortons
1161 701 1205 763 les
1216 700 1348 780 aveques
1359 700 1462 764 dioce-

315 805 396 866 sains
410 804 449 865 de
468 803 616 866 notredite
629 801 788 877 province,
801 805 832 863 et
850 798 1027 863 ne'anmoins
1037 799 1103 860 leur
1117 797 1295 879 enjoignons
1313 797 1353 860 de
1363 799 1462 861 veiller

315 901 588 982 saigneusementl
605 898 804 961 l'instruction
822 903 854 958 et
872 895 1032 958 education
1051 895 1164 963 desdits
1177 894 1317 972 colante,
1336 894 1394 957 soit
1406 914 1460 976 por

315 1016 390 1074 eun,
413 997 471 1059 scit
494 1015 550 1079 par
573 1014 648 1059 ceux
668 989 755 1076 qu'ils
770 994 912 1073 jugoront
930 994 948 1053 ir
967 1010 1080 1074 propos
1100 992 1150 1074 d'y
1172 991 1339 1073 employer.
1363 991 1460 1070 onoi-

314 1112 409 1173 goons
424 1095 442 1154 l
459 1111 515 1155 nos
526 1091 655 1156 officiare
674 1098 705 1155 et
719 1098 819 1155 autres
831 1108 994 1172 personnes
1007 1091 1182 1172 publicum,
1198 1095 1293 1170 ayant
1310 1090 1460 1153 mancare

315 1195 345 1250 et
355 1189 493 1272 pouvoir‚
505 1189 543 1251 de
554 1190 619 1251 leur
631 1189 731 1269 preter
742 1193 826 1251 toute
838 1186 904 1251 aide
916 1187 1068 1250 etrenlort
1078 1187 1150 1268 qo'il
1161 1184 1383 1268 appartieudra.
1394 1189 1460 1248 En-

312 1284 453 1366 joignons
466 1284 704 1367 specialementi
715 1290 801 1346 notre
810 1282 906 1345 susdit
914 1301 1079 1364 procureur
1089 1284 1212 1364 general
1222 1283 1262 1347 de
1272 1283 1461 1367 selairerap-

315 1388 416 1461 porter
436 1372 624 1443 exactemcnt
637 1380 681 1442 les
698 1379 860 1452 certificate
872 1379 1025 1444 ci-dessus
1042 1381 1247 1458 mentionne'm
1262 1385 1294 1443 et
1312 1398 1351 1444 eo
1361 1382 1463 1444 casde

315 1477 396 1541 nelos
407 1497 447 1540 on
459 1477 629 1557 negligcnoe
647 1476 684 1538 de
698 1477 771 1557 pere
784 1483 815 1539 et
833 1476 871 1539 de
885 1477 986 1557 mere,
998 1484 1099 1542 tuteur
1115 1497 1156 1543 oo
1168 1484 1324 1556 curateur,
1338 1479 1378 1541 de
1389 1480 1459 1542 loire

315 1576 415 1654 placer
432 1574 536 1637 lesdits
555 1573 673 1636 enfants
682 1591 720 1636 en
733 1573 802 1635 telle
816 1573 933 1639 maison
946 1574 1019 1654 qu'il
1031 1574 1240 1658 appartieudra
1255 1594 1366 1658 poory
1377 1595 1459 1639 rece-

316 1673 381 1735 voir
404 1672 496 1735 ludite
521 1671 680 1735 education
703 1678 734 1734 et
752 1671 871 1734 lesdites
890 1671 1091 1739 instructions,
1103 1672 1293 1755 josqu'aprls
1312 1673 1382 1735 leur
1397 1693 1458 1755 pre-

316 1769 409 1831 miere
427 1768 641 1847 communion,
661 1768 833 1848 ausquelles
847 1768 980 1831 maisons
994 1770 1039 1833 les
1053 1770 1140 1850 peres
1162 1775 1193 1833 et
1211 1769 1331 1847 meres,
1350 1776 1461 1833 tuteors

316 1885 356 1928 oo
367 1873 522 1928 curateurs
536 1871 637 1927 seiont
649 1871 737 1927 tenus
747 1863 786 1927 de
796 1882 889 1946 pnyer
901 1866 1025 1946 pension
1039 1886 1117 1948 poor
1129 1865 1231 1929 lastlits
1246 1866 1370 1930 entonis
1390 1870 1460 1932 amsi

315 1963 425 2044 qu'elle
439 1981 506 2026 sera
516 1962 626 2042 regiae,
639 1980 716 2025 nous
733 1962 885 2049 reservam
898 1961 948 2043 d'y
968 1964 1106 2047 supplem
1118 1982 1169 2028 sor
1182 1964 1226 2029 les
1241 1963 1332 2031 loods
1345 1967 1397 2047 qui
1415 1985 1462 2029 se-

315 2068 384 2123 ront
402 2080 457 2142 par
466 2079 543 2123 nous
556 2061 574 2124 t
585 2079 620 2122 oe
633 2059 764 2123 destines
777 2059 852 2125 cans
865 2059 892 2122 le
905 2079 956 2123 cas
970 2064 1010 2123 cir
1020 2063 1065 2126 les
1080 2068 1203 2145 parents
1213 2080 1252 2127 nc
1264 2062 1396 2127 seraient
1411 2082 1464 2145 pm

267 2192 270 2197 ·
316 2176 354 2220 on
363 2159 427 2221 e'tat
436 2157 487 2240 ‹l'y
498 2156 652 2240 pourvoir.
664 2157 695 2218 Si
706 2157 844 2219 donnons
854 2158 1181 2235 en-mandement‚etc.

349 2284 424 2336 Joint
435 2281 451 2337 ἐι
462 2281 488 2336 la
501 2279 619 2352 dipeche
631 2279 668 2336 du
682 2279 736 2336 duc
749 2280 962 2352 ‹l'Aiguillonau
973 2281 1093 2340 cardinal
1103 2282 1251 2351 deBemls,
1264 2282 1299 2341 de
1308 2282 1461 2349 Versailles

315 2369 341 2424 le
354 2373 387 2423 1⁵
398 2384 470 2424 mars
486 2374 564 2423 1774.
846 2385 860 2409 ν

788 2495 970 2509 Μ

831 2594 932 2683 coer.

640 2761 916 2822 anonslcnon
939 2762 1133 2840 GARAMPI,

568 2895 706 2945 nunnro
726 2897 958 2946 naosnonroo
978 2897 1016 2946 or
1036 2897 1206 2946 sonoram.

1093 3021 1230 3090 itomaegat
1244 3017 1384 3081 matiana

355 3130 542 3191 Perillustris.
558 3135 602 3192 Ex
622 3132 715 3193 literis
738 3133 949 3214 Amplitudinis
963 3140 1021 3194 tuae
1038 3133 1089 3195 die
1107 3139 1143 3194 lt
1166 3132 1269 3213 aprilis
1288 3133 1409 3213 scriptis
1422 3135 1463 3196 ad

316 3227 1155 3307 SocramGongregationempar-tioularemaSanctissimo
1164 3228 1464 3295 Darninonostrcde-

316 3323 1462 3405 pumtamsupernegotiissuppressaesocietatistesn,cumfoliisndeamdam

317 3420 584 3501 congregationem
594 3422 774 3484 transmissis
789 3423 827 3484 nb
842 3423 1083 3487 Eminentissimo
1102 3423 1232 3487 Domino
1247 3421 1396 3485 Garmai
1409 3442 1467 3486 sc*
1515 3476 1518 3483 .

316 3518 443 3582 cretorio
451 3519 565 3596 Status,
577 3525 781 3598 cognoverunt
788 3510 1021 3584 Eminentissimi
1030 3522 1144 3598 Patres,
1157 3527 1272 3600 quanto
1280 3519 1357 3599 ielo,
1365 3538 1464 3600 quan·

315 3623 407 3696 taque
416 3614 577 3696 prudentia
588 3633 654 3677 rem
668 3623 737 3696 agat
749 3617 924 3698 Ammitndo
940 3625 993 3679 tua
1005 3616 1034 3678 in
1047 3616 1112 3679 istis
1125 3617 1281 3699 partibus,
1292 3623 1326 3678 ut
1338 3617 1462 3705 plenam

315 3712 446 3775 habeant
460 3712 666 3774 executionem
685 3713 777 3774 litera
792 3714 961 3795 apostolice
977 3713 1213 3795 suppressionis,
1226 3719 1320 3793 utque
1334 3713 1460 3794 pontili-

316 3809 362 3872 oia
374 3807 552 3888 auctoritas,
567 3817 596 3872 et
604 3811 674 3889 Jnra
685 3811 822 3873 Ecclesia
833 3818 913 3875 sarto
924 3818 1005 3873 tecta
1014 3818 1177 3873 serventur.
1191 3814 1397 3892 Quacumque
1409 3812 1461 3892 igi·

316 3914 364 3968 tur
376 3925 430 3987 per
440 3907 675 3986 Amplitndinem
686 3915 770 3970 tuam
783 3915 866 3988 gesta
876 3916 957 3985 sunt,
968 3896 1097 3988 probant
1105 3910 1463 3977 etlaudnntllminentis-

315 4003 382 4065 simi
392 4005 508 4077 Patres,
518 4003 641 4083 ejusque
652 4004 775 4082 fidei,et
785 4004 911 4069 solertiae
923 4006 1136 4071 commendant
1145 4008 1245 4089 operis
1257 4009 1460 4090 complemen-

315 4108 391 4162 tum.
406 4101 529 4162 Sedhoc
539 4118 633 4162 unum
647 4102 766 4180 volunt,
771 4102 896 4180 jubente
904 4102 995 4165 ctiam
1004 4103 1199 4170 Sanctissimo
1205 4104 1335 4169 Domino
1341 4114 1457 4184 nostro,

314 4215 352 4258 ne
361 4197 535 4277 Amplitudo
544 4197 930 4276 tuaacquieseatbonornm
939 4198 1193 4282 distractioni,uel
1203 4200 1460 4282 dissipationivi-

314 4293 379 4370 guil
392 4312 510 4375 semper
523 4295 554 4357 in
568 4293 706 4371 Polonia,
718 4301 748 4356 et
763 4297 842 4375 viget
858 4293 955 4356 adhue
969 4297 1016 4356 lex
1032 4297 1234 4363 ecclesiastica
1248 4298 1287 4361 de
1304 4299 1396 4362 bonis
1407 4302 1460 4362 Eo·

220 4428 227 4438 .
315 4388 410 4449 alesia
422 4409 483 4452 non
506 4391 668 4453 alienandis
680 4392 744 4453 sine
758 4411 879 4456 assensu
902 4395 1066 4475 apostolico
1077 4420 1086 4473 ;
1099 4397 1156 4459 hoc
1170 4397 1269 4478 ipsum
1287 4404 1393 4478 aperte
1404 4399 1460 4463 da-

315 4487 489 4551 clarandum
514 4491 569 4552 erit
592 4491 622 4553 in
643 4493 837 4572 presentibus
859 4495 941 4574 regni
960 4496 1107 4575 comitiis,
1127 4502 1159 4558 ut
1178 4498 1279 4560 nuncii
1301 4499 1461 4588 apostolici
1501 4567 1517 4592 .-
