3188 5414
558 1752 958 1858 PRAEFATIO.

241 2676 505 2755 validissimis
529 2675 752 2754 rationibus
781 2677 952 2782 permoti
980 2677 1188 2752 consilium
1214 2677 1330 2753 inivi-

187 2840 273 2890 mus
285 2812 444 2889 annales
460 2810 729 2914 gloriosissimi
745 2811 1001 2915 pontificatus
1011 2809 1224 2887 Clementis
1236 2810 1330 2885 XIV

188 2942 391 3020 Pontifiois
408 2942 569 3019 Maximi
588 2941 799 3047 separatim
814 2939 931 3019 edere
946 2969 991 3019 ao
1004 2944 1215 3020 vernaculo
1230 2939 1332 3019 idio-

187 3094 292 3154 mate
311 3073 582 3169 conscribere,
601 3100 770 3180 quarum
790 3073 857 3150 illa
877 3074 1080 3180 praecipua
1099 3073 1193 3170 fuit,
1214 3092 1258 3151 ut
1277 3075 1331 3150 ita

140 3222 142 3226 '
187 3207 348 3285 utilitati
370 3205 549 3284 omnium
569 3203 690 3308 magis
710 3202 998 3282 consuleretur.
1021 3202 1122 3283 Satis
1141 3202 1330 3283 disserui-

187 3368 274 3417 mus
298 3337 505 3417 haedere
525 3338 567 3414 in
591 3337 844 3444 praefatione,
867 3366 988 3444 quam
1008 3338 1104 3444 ipsis
1123 3338 1331 3416 annalibus

187 3472 462 3578 praemisimus,
479 3499 563 3578 quo
580 3470 625 3549 fit
639 3489 686 3549 ut
700 3499 1035 3578 supervacaneum
1051 3473 1216 3548 omnino
1231 3491 1331 3551 esset
1371 3464 1372 3467 ¹

187 3633 277 3713 quae
296 3603 354 3681 ibi
373 3601 546 3680 diximus
565 3600 699 3681 denuo
719 3622 909 3710 repetere.

240 3733 459 3812 Consilium
491 3732 568 3810 hoo
598 3750 779 3810 nostrum
810 3732 930 3837 exigit
958 3749 997 3809 et
1024 3733 1169 3809 rationi
1198 3759 1331 3810 rerum

117 3868 119 3872 ’
187 3894 351 3973 prorsus
370 3884 680 3944 consentaneum
697 3892 779 3943 esse
795 3863 966 3962 videtur,
986 3884 1029 3943 ut
1047 3867 1246 3971 singulare
1260 3894 1330 3944 vo-

186 4001 320 4079 lumen
347 3996 458 4107 quod
486 3995 626 4076 dicunt
657 4001 997 4077 Documentorum
1025 3997 1327 4098 adornaremus,

188 4161 277 4240 quae
296 4132 460 4210 mirifice
475 4129 627 4209 faciunt
642 4130 692 4209 ad
709 4130 1025 4229 corroboranda,
1046 4161 1134 4240 quae
1152 4134 1195 4209 in
1209 4162 1331 4212 anna-

187 4264 294 4342 libus
313 4264 571 4343 Clementinis
592 4266 837 4342 narravimus
859 4294 932 4344 neo
950 4294 1032 4343 non
1049 4264 1098 4344 ad
1118 4264 1330 4371 degustan-

188 4395 284 4475 dum
309 4398 429 4501 magis
452 4397 656 4505 magisque
679 4398 790 4475 illum
811 4399 989 4504 pietatis,
1015 4399 1330 4479 mansuetudinis

188 4557 232 4607 ac
260 4530 432 4608 caritatis
456 4529 657 4636 spiritum,
688 4556 804 4636 quem
831 4559 967 4609 omnes
995 4531 1207 4611 Clementis
1235 4532 1322 4609 llll
