3188 5414
304 478 339 528 to
734 472 904 526 CLEMENT
907 471 935 524 ts
953 470 1035 523 xlv·

304 577 462 640 tummodo
477 575 667 636 tribuendam
684 581 876 651 cognoscent.
892 577 989 648 Quare
1005 571 1096 635 alacri
1115 571 1216 632 auimo
1229 571 1268 633 ad
1281 571 1447 631 rriaximum

304 672 512 736 sustlnendum
527 690 603 733 onus
623 671 808 748 accedimus,
821 678 852 733 et
865 688 926 750 quo
939 668 1107 750 potentiore
1129 665 1239 728 auxilio
1257 665 1396 741 fidimus,
1412 685 1448 726 eo

304 769 419 848 majore
434 768 534 830 studio
550 767 745 843 connitimur,
760 774 791 828 et
811 768 850 828 ob
872 767 968 847 ipsam
982 764 1130 839 muneris,
1147 763 1185 824 ad
1204 762 1285 841 quod
1308 764 1456 842 appellati

304 885 408 928 sumus
416 912 424 944 ,
438 865 656 947 prestantiam,
671 866 783 938 nullas,
801 886 866 946 quaa
881 865 1000 926 aNobis
1012 865 1042 925 in
1054 883 1090 925 eo
1100 861 1305 944 periungendo
1320 861 1448 921 conferri

304 974 445 1048 possunt,
461 966 628 1028 sedulitatis
638 983 673 1026 ac
690 965 842 1026 industria
855 973 956 1044 partes
970 963 1078 1024 nimias
1091 980 1155 1022 esse
1164 960 1346 1040 judicamus.

344 1065 440 1137 Quam
452 1060 575 1141 quidem
591 1059 856 1123 administrationis
876 1067 983 1122 nostra
997 1059 1144 1121 rationem
1156 1058 1229 1119 dum
1250 1056 1368 1117 assidue
1380 1076 1449 1117 vor-

304 1178 407 1221 samus
430 1159 549 1236 animo,
572 1166 663 1238 atque
684 1157 799 1221 ex-tao
812 1157 1151 1238 altissima-apostolica
1177 1155 1255 1216 sedis
1276 1156 1397 1234 specula
1418 1155 1448 1215 in

304 1275 409 1327 omnes
423 1256 576 1324 christiani
588 1255 669 1317 orbis
680 1255 816 1336 regiones
830 1257 935 1343 oculos
951 1255 1170 1331 convertimus,
1183 1272 1237 1341 vos
1246 1252 1447 1334 potissimum,

303 1352 496 1414 venerabiles
511 1352 640 1427 Fratres,
654 1351 771 1412 excelso
782 1358 812 1411 et
831 1349 937 1411 illustri
949 1351 1016 1411 loco
1037 1342 1152 1430 positos
1173 1342 1337 1425 intuemur,
1349 1357 1448 1410 vestro

304 1456 468 1536 conspectu
486 1466 668 1526 recreamur,
697 1464 755 1510 vos*
784 1447 941 1526 adjutores
956 1454 1092 1525 ndstroS,
1108 1462 1162 1508 vos
1186 1446 1329 1507 dominici
1352 1448 1449 1526 gregis

305 1547 458 1622 custodes,
470 1544 789 1624 acevangelicavinc'oe
801 1546 1085 1626 operarios'summa
1097 1543 1189 1614 animi
1201 1543 1295 1605 nostri
1308 1545 1448 1621 jucundi·

303 1652 366 1706 tate
379 1641 580 1726 agnoscimus·
597 1643 650 1721 Qui
666 1643 755 1722 igitur
767 1650 876 1705 nostra
890 1642 1098 1704 sollicitudinis
1111 1647 1230 1723 partem
1240 1639 1403 1720 sustinetis,
1418 1643 1448 1702 in

304 1743 370 1822 ipso
382 1734 575 1820 Apostol'atus
588 1741 683 1802 nostri
697 1741 820 1802 exordio
834 1740 945 1821 alloqui
965 1759 1019 1802 vos
1033 1741 1164 1801 maxime
1186 1738 1340 1819 cupimus,
1359 1746 1448 1818 atque

304 1839 336 1901 in
348 1839 448 1900 sinum
457 1838 591 1900 vestrum
602 1838 725 1900 intimos
738 1839 848 1901 mentis
861 1846 970 1902 nostre
983 1857 1087 1901 seusus
1100 1836 1269 1913 effundere,
1285 1843 1316 1896 et
1333 1837 1358 1897 si
1375 1837 1448 1916 quid

304 1954 358 1999 vos
373 1935 408 1996 in
421 1935 550 2002 Domino
568 1936 694 2014 hortari,
715 1955 749 1998 ac
758 1955 961 2000 commonere
980 1937 1160 2014 videbimur,
1173 1935 1212 2016 :ld
1226 1934 1274 1997 vel
1293 1940 1397 1996 nostro
1411 1935 1448 1995 de

302 2031 397 2094 Nobis
409 2031 482 2113 ipsis
492 2031 593 2094 timori
604 2033 727 2095 tribuite
738 2079 746 2112 ,
757 2035 804 2096 vel
817 2033 986 2115 proiectum
999 2054 1016 2096 a
1027 2031 1283 2108 vestravirtutis,
1296 2032 1374 2093 acin
1388 2034 1448 2093 Nos

301 2127 422 2210 pietatis
432 2126 544 2190 fiducia
557 2128 737 2192 existimate.

342 2228 387 2287 Ac
399 2225 536 2306 primum
544 2238 688 2304 rogamus
701 2245 755 2288 vos
765 2229 856 2288 vrb,
871 2228 1122 2303 acobsecramus,
1135 2243 1173 2287 ne
1183 2243 1318 2304 unquam
1330 2227 1448 2288 miseri-

302 2323 475 2386 cordiarum
485 2323 606 2384 numm
617 2340 674 2404 pro
682 2322 1007 2387 ,imbecillitatenostra
1018 2323 1123 2385 Divino
1136 2322 1272 2403 prasidio
1285 2323 1449 2386 munienda

303 2419 456 2502 deprecari
466 2418 681 2481 intermittatis.
691 2419 909 2486 Reddiananc
917 2420 1010 2483 Nobis
1020 2419 1132 2483 amoris
1143 2438 1215 2498 erga
1229 2438 1282 2480 vos
1294 2419 1390 2480 nostri
1401 2421 1448 2480 vi-

303 2538 383 2598 cem,
395 2525 486 2601 atquc
499 2519 664 2581 itamutua
673 2526 800 2601 precum
814 2522 983 2582 vestraruui
994 2519 1128 2582 subsidia
1141 2519 1305 2581 Nobiscum
1316 2518 1448 2597 conjun-

301 2618 375 2696 gite,
387 2623 424 2678 ut
435 2616 523 2678 alteri
534 2617 572 2678 ah
583 2614 684 2678 alteris
692 2615 922 2696 quodammodo
929 2614 1086 2678 sustentati
1096 2613 1220 2688 firmiori
1232 2614 1326 2694 gradu
1341 2633 1448 2677 onmes

301 2713 688 2795 possimusinsuaquisque
695 2714 824 2777 statione
831 2714 1269 2796 consisterellaopotissimum
1277 2712 1448 2777 animorum

302 2810 515 2890 conjlmetione
538 2811 640 2890 illam,
659 2813 694 2873 in
706 2815 947 2893 qua‘Ncbiscum
967 2813 1168 2894 coagmentati
1189 2811 1289 2888 estis,
1302 2812 1447 2874 unitatem

302 2898 1075 2992 comprobabitiadnumquippetotiusestuaclesta
1082 2909 1448 2988 editicium,cujusinhae

302 3007 496 3070 sedcabeato
503 3007 734 3089 Petropositum
742 3001 1131 3072 estlundamutumitMulti
1142 3011 1182 3072 'ad
1189 3009 1260 3072 illud
1271 3015 1448 3071 construen-

301 3104 375 3167 dum
389 3102 542 3182 conjuncti
557 3111 627 3166 sunt
637 3105 767 3186 lapides,
783 3106 953 3168 sodomites
966 3127 1056 3189 super
1069 3114 1226 3188 unapetra
1241 3107 1400 3168 fumantur
1412 3126 1447 3168 ac

301 3201 481 3263 innituntur.
495 3200 596 3262 linum
605 3207 651 3263 est
666 3201 804 3264 Ecclesia
811 3221 933 3284 corpus,
946 3205 1032 3284 cujus
1041 3205 1175 3268 Christus
1189 3210 1350 3281 estcaput,
1367 3221 1402 3264 ac
1417 3205 1447 3265 in

301 3296 375 3359 illud
384 3315 489 3358 ornnes
497 3297 705 3361 coalescimus.
719 3299 781 3360 Nos
788 3299 881 3380 ipsius
888 3299 1196 3382 potestatisvicauiam
1203 3298 1447 3377 procurationem

227 3414 231 3423 ¹
301 3400 438 3474 gerentes
462 3395 571 3456 ceteris
581 3395 670 3456 altius
684 3394 735 3457 illo
749 3397 1081 3478 volentepraesidemus.
1098 3397 1159 3456 Vos
1171 3413 1250 3457 vero
1268 3412 1329 3456 una
1341 3397 1447 3458 Nobis-

301 3511 372 3554 cum
382 3492 521 3572 colligati
541 3497 688 3572 tanquam
699 3511 770 3554 cum
781 3493 887 3555 visibili
901 3494 1039 3559 Ecclesia
1050 3492 1148 3574 capite
1160 3492 1292 3573 potiores
1310 3494 1445 3572 ejusdem

301 3590 558 3672 corporispartes
582 3592 760 3668 astianum
779 3595 907 3675 proinde
927 3593 1051 3673 singulis
1072 3591 1206 3655 accidere
1226 3599 1343 3672 potest,
1365 3596 1445 3673 quod

301 3689 455 3751 universos
472 3696 535 3751 nori
544 3690 666 3769 afliciat,
678 3692 828 3773 nequead
843 3708 1086 3771 unumquemque
1100 3695 1285 3770 promanet‘l,
1294 3693 1446 3763 Quemad-

301 3785 542 3867 modumitaque
555 3786 630 3850 ilibil
647 3794 747 3869 potest
757 3789 940 3870 peculiarem
950 3788 1096 3868 cujusque
1110 3795 1243 3850 vestrum
1262 3789 1446 3868 vigilantiam

301 3894 467 3966 exposceret
475 3885 581 3965 ,quod
594 3887 704 3982 nostris
717 3889 790 3950 item
804 3887 884 3950 curis
895 3886 1134 3968 comprehendi,
1149 3886 1188 3948 ad
1207 3889 1326 3965 Nosque
1342 3887 1444 3950 reterri

301 4001 360 4045 non
374 3982 502 4060 debeat,
517 3983 560 4046 ita
573 3983 712 4046 arbitrari
730 3985 847 4048 debetis
870 4002 1051 4065 magnopere
1065 3992 1163 4046 vestm
1183 3984 1338 4061 interesse,
1353 3984 1445 4064 quid-

301 4079 374 4158 quid
389 4079 428 4141 ad
439 4080 500 4142 Nos
509 4080 659 4159 pertinet,
672 4085 867 4161 nostramque
886 4100 1012 4162 operam
1024 4100 1059 4143 ae
1076 4081 1261 4161 diligentiam
1275 4081 1443 4145 desiderat.

301 4177 488 4258 Quapropter
495 4190 563 4239 ,una
580 4179 770 4241 voluntatum
788 4179 984 4242 consensione
1001 4179 1175 4259 conjuncti,
1197 4197 1258 4241 uno
1279 4178 1445 4258 eodemque

302 4271 426 4334 animati
439 4274 568 4355 Spiritu,
582 4275 632 4356 qui
646 4295 663 4337 a
676 4277 803 4358 mystico
817 4274 980 4356 illo'capite
1000 4275 1151 4356 profluens
1159 4321 1167 4353 ,
1183 4295 1220 4338 ae
1232 4295 1285 4357 per
1307 4276 1444 4338 universa

302 4370 438 4431 membra
456 4373 583 4435 diliusus
600 4374 693 4436 vitam
716 4376 856 4437 omuibus
880 4373 1034 4454 dispertit,
1061 4372 1241 4434 contendere
1266 4391 1386 4450 omnes,
1408 4391 1444 4433 ac

302 4467 373 4527 dere
393 4487 515 4547 operam
529 4470 692 4551 praesertim
712 4473 873 4548 debemuS,
895 4479 928 4532 ut
942 4469 1078 4532 Ecclesia
1100 4472 1213 4551 Corpus
1228 4472 1376 4549 integrum
1396 4476 1444 4530 al-
