3188 5414
593 531 836 588 -DOCUMENTA
857 534 978 589 Vllllh:

719 719 866 790 CCXCV.

968 865 1080 922 vienna,
1097 869 1125 912 aa
1141 863 1221 926 apem
1236 867 1303 914 arra.

259 964 434 1027 Rectissime
443 964 474 1024 in
485 964 601 1028 Christo
614 968 700 1029 Pater
708 971 833 1032 Domine
842 969 1096 1032 Reverendissime
1108 971 1115 1028 l
1127 970 1199 1030 Post
1208 969 1368 1032 officiosis-

199 1072 203 1081 ·
220 1061 328 1122 simam
338 1060 632 1124 commendationem
640 1064 942 1128 filialisobservantiae
951 1065 1128 1127 continuum
1137 1064 1365 1134 incrementum.

219 1155 314 1235 Digna
340 1155 464 1218 omnino
484 1156 541 1218 fuit
555 1157 706 1240 Nobisque
722 1170 901 1243 peraccepta
913 1159 1085 1223 Sanctitatis
1098 1161 1211 1222 Vestra
1228 1161 1259 1221 in
1279 1161 1367 1223 firmo

199 1260 322 1317 'nostro
335 1274 407 1335 erga
429 1255 628 1318 orthodoxam
644 1257 818 1338 religionem
836 1259 935 1321 studio
946 1257 1074 1336 fiducia,
1090 1257 1163 1318 dum
1177 1256 1233 1319 sibi
1246 1274 1369 1338 persua·
1454 1293 1457 1298 -

219 1370 287 1413 sum
308 1352 415 1415 habuit
434 1371 514 1416 nova
527 1373 583 1417 sua
602 1374 658 1437 pro
681 1356 771 1435 hujus
789 1355 995 1418 incolumitate
1013 1352 1114 1445 officia
1127 1352 1333 1415 lubentissime
1350 1373 1368 1414 a

218 1454 309 1515 Nobis
333 1459 478 1536 excepta,
493 1455 615 1536 hacque
629 1456 698 1534 illo,
720 1474 780 1536 quo
795 1455 833 1517 ad
844 1457 905 1516 Nos
918 1454 1018 1515 delata
1031 1459 1099 1515 sunt
1113 1453 1213 1514 animo
1227 1452 1368 1514 conside-

218 1559 318 1614 ratum
331 1552 378 1615 iri.
391 1554 588 1635 Nequaquam
603 1553 885 1630 enimdnbitamus,
907 1551 1005 1613 eidem
1020 1551 1085 1629 jam
1107 1568 1161 1632 per
1175 1567 1263 1610 suum
1276 1567 1367 1629 penes
1417 1590 1419 1596 -

220 1649 282 1711 Nos
304 1649 444 1712 nuntium
465 1650 664 1731 apostolicum
686 1650 884 1713 venerabilem
908 1648 1165 1730 archiepiscopum
1185 1647 1367 1728 Ephesinum

223 1755 415 1829 compertum
428 1768 509 1829 esse,
530 1744 591 1832 qua
603 1747 700 1832 prona
721 1750 842 1832 penitus
862 1757 963 1812 mente
985 1756 1047 1812 tam
1070 1749 1242 1811 sanctitatis
1258 1751 1367 1811 Vestrae

220 1844 311 1910 litere
324 1848 373 1911 die
384 1848 527 1930 vigesima
540 1849 651 1911 mensis
667 1847 808 1928 praeteriti
823 1846 861 1908 ad
874 1848 935 1908 Nos
950 1846 1044 1923 date,
1062 1864 1155 1926 quam
1172 1845 1223 1906 illa
1240 1865 1258 1906 a
1275 1846 1367 1907 Nobis
1466 1883 1471 1890 ·

220 1950 358 2025 suscepta
371 1943 481 2007 luerint
489 1991 498 2025 ‚
511 1964 580 2026 que
601 1944 741 2026 prefatus
754 1963 826 2006 suus
849 1943 971 2006 nuntius
990 1943 1059 2006 riva
1074 1944 1172 2005 adhuc
1186 1962 1260 2005 vnce
1278 1962 1368 2024 super

219 2047 394 2120 presentem
418 2041 569 2122 religionis
590 2041 620 2103 in
641 2040 766 2103 Polonia
780 2047 892 2103 statum
916 2040 1054 2122 exposuit
1060 2065 1069 2119 3
1085 2047 1148 2102 tam
1163 2040 1200 2101 ad
1211 2039 1279 2116 illa,
1302 2059 1368 2121 quae
1473 2048 1478 2054 '

219 2135 366 2201 Sanctitas
376 2139 483 2200 Vestra
498 2154 552 2219 per
564 2136 678 2218 priores
689 2155 758 2199 suas
769 2136 869 2200 literas
885 2136 1005 2199 aNobis
1015 2136 1153 2218 expetiit,
1163 2135 1236 2206 nihil
1246 2136 1276 2198 in
1290 2135 1368 2196 datis

173 2283 177 2289 .
219 2234 257 2294 ad
276 2233 428 2298 ministros
448 2240 566 2308 nostros
582 2234 783 2317 Petropolim,
801 2236 973 2298 Berolinnm
990 2242 1020 2300 et
1037 2237 1212 2299 Varsoviam
1226 2235 1367 2299 manditis

222 2331 369 2398 omissum
386 2333 460 2413 luit,
483 2340 517 2414 ut
534 2335 702 2422 orthodoxa
714 2334 744 2397 in
755 2341 925 2397 memorato
934 2353 1026 2416 regno
1038 2335 1113 2397 tides
1122 2335 1271 2415 hujusque
1282 2353 1367 2396 sacra

220 2433 340 2491 summo
353 2436 464 2492 conatu
479 2436 560 2492 sarta
575 2436 716 2512 tectaque
731 2436 898 2509 serventur,
910 2431 1118 2512 Sanctitasque
1129 2433 1236 2493 Vestra
1249 2429 1367 2511 penitus

222 2544 253 2586 se
267 2533 380 2589 certam
398 2529 526 2608 tenebit,
539 2536 670 2610 conatus
686 2528 760 2607 hos,
775 2527 873 2606 omni,
889 2547 981 2609 quam
999 2528 1179 2608 gravissime
1196 2527 1307 2589 ibidem
1320 2527 1368 2587 vi-

221 2622 406 2712 cissitudines
423 2625 519 2687 ferent
530 2624 646 2688 ratione
659 2632 872 2705 prosecuturos
886 2624 965 2700 lore3
982 2625 1140 2706 peculiaris
1151 2630 1255 2687 nostra
1266 2643 1321 2705 pro
1335 2644 1368 2686 re

219 2717 365 2783 catholica
379 2720 548 2782 sollicitudo
559 2728 774 2801 perspectaque
783 2720 1004 2801 lacilepropri'a
1017 2721 1188 2782 Sanctitatis
1196 2721 1309 2781 Vestrae
1318 2738 1368 2782 sa-

219 2812 340 2891 gacitati
351 2821 506 2875 momenta
513 2815 631 2875 nullum
640 2814 768 2895 desuper
775 2814 873 2877 eidem
882 2815 1050 2896 relinquent
1059 2816 1184 2878 dubium
1192 2824 1222 2877 et
1232 2817 1368 2896 quamvis

221 2927 330 2990 anceps
353 2929 389 2971 ac
404 2910 499 2972 ardua
518 2929 620 2973 rerum
640 2911 849 2992 polonicarum
866 2911 999 2973 conditio
1019 2930 1148 2974 asserere
1167 2930 1228 2972 non
1250 2913 1367 2991 sinant,

219 3005 316 3085 qualis
330 3024 394 3068 esse
405 3013 497 3086 queat
510 3023 652 3068 curarum
669 3011 841 3068 nostrarum
854 3012 995 3084 eventus,
1009 3012 1111 3069 tamen
1124 3026 1215 3088 penes
1225 3016 1370 3070 constan-

220 3111 282 3166 tem
293 3123 418 3186 operam
431 3110 564 3167 nostram
576 3121 732 3184 nunquam
741 3101 879 3180 herebit,
891 3103 964 3186 quin
978 3105 1148 3167 sanctitatis
1159 3107 1281 3184 Vestra,
1294 3125 1369 3168 nos·
1487 3105 1490 3110 '

220 3208 326 3282 traque
335 3202 509 3264 communia
519 3209 590 3265 vota
603 3207 775 3282 exoptatam
786 3207 981 3282 assequantur
993 3208 1118 3264 sortem.
1137 3205 1222 3264 Hanc
1230 3203 1367 3284 proinde,

220 3304 254 3358 ut
268 3316 427 3378 supremus
440 3317 541 3361 rerum
552 3298 676 3378 largitor
687 3303 792 3360 contra
801 3297 925 3361 adversa
938 3297 1095 3362 molimina
1105 3298 1219 3381 potenti
1229 3300 1368 3382 prasidio

221 3395 336 3471 lovere,
351 3396 499 3479 simulque
513 3396 707 3459 sanctitatem
718 3397 858 3458 Vestram
867 3415 928 3478 pro·
934 3403 1039 3460 nostro
1052 3405 1219 3482 sanctaque
1230 3400 1367 3462 Ecclesiae

221 3493 327 3555 solatio
341 3512 424 3557 seros
435 3495 467 3557 in
485 3514 579 3558 annos
592 3495 773 3558 incolumem
784 3539 792 3571 ,
804 3512 840 3556 ac
856 3494 1041 3557 fortunatam
1053 3486 1175 3557 servare¹
1185 3496 1271 3574 velit,
1286 3497 1367 3558 omni

221 3606 380 3652 exoramus
393 3589 520 3655 fervore.
536 3596 650 3656 Datum
668 3593 808 3663 Viennae,
824 3593 874 3653 die
890 3598 1152 3674 vicesimoquinto
1170 3597 1277 3675 aprilis
1289 3614 1368 3657 antro

221 3690 380 3751 millesimo
391 3681 656 3768 septincenteatmo
669 3695 885 3770 septcaqcsimo
897 3697 1000 3764 tertio,
1015 3695 1101 3772 requi
1113 3697 1207 3754 nostri
1220 3692 1347 3753 decimo.

264 3847 265 3852 κ
341 3812 514 3877 sanctitatis
526 3814 639 3876 Vestrae
725 3874 731 3887 ,

771 3913 938 3992 obsequens
954 3913 1032 3976 salius

1115 4037 1279 4093 Jcaaruus.
