3188 5414
234 502 285 553 aaa
664 500 865 554 calamanus
883 501 948 554 xiv
1059 563 1061 568 ,

231 621 285 683 per
305 602 377 663 illud
389 604 598 664 tautummodo
622 605 765 684 temporis
786 605 916 684 spatium
935 605 1047 666 tradito
1067 607 1123 667 sibi
1138 607 1220 687 iungi
1237 615 1383 688 poterunt

231 717 371 777 munere,
385 700 465 780 quod
480 701 525 761 vel
540 720 558 763 a
574 702 761 780 generalibus
782 702 917 779 Ordinis,
931 704 977 764 vel
996 722 1013 764 a
1031 703 1233 784 peculiaribus
1247 707 1384 784 ejusdem

230 798 351 879 Collegii
365 799 627 861 constitutionibus
642 805 789 861 statutum
804 806 851 861 est
859 845 868 876 ,
886 819 922 861 ac
933 800 1102 863 definitum.
1119 802 1197 864 Huic
1215 821 1289 864 roro
1303 810 1379 865 tem·

230 897 312 976 poris
326 895 423 977 spatio
439 895 557 957 initium
569 895 648 958 fieta
662 915 752 960 sacrae
769 898 961 976 visitationis,
976 918 1069 979 quam
1082 899 1152 961 fidei
1171 908 1279 961 vestra
1293 920 1383 963 com-

230 993 389 1071 mittimus,
405 992 476 1069 tine,
497 1000 528 1054 et
547 987 769 1059 adecr'etorum
789 1015 855 1075 qua
872 1015 928 1077 pro
946 998 1083 1076 ejusdem
1100 997 1222 1077 Collegii
1237 996 1382 1062 reforma-

228 1091 310 1151 tione
337 1089 495 1152 condeude
517 1091 662 1171 putabitis
693 1093 946 1174 promulgatione.
974 1094 1008 1155 ld
1033 1101 1134 1155 tamen
1161 1095 1380 1175 impedimento

228 1187 312 1249 vobis
331 1187 455 1249 minime
473 1186 541 1266 erit,
556 1189 718 1268 quominus
732 1191 770 1253 ab
785 1191 850 1272 ipso
869 1192 962 1252 etiam
980 1190 1157 1253 visitationis
1171 1192 1307 1271 excidio,
1330 1213 1381 1256 cos

228 1283 324 1362 ipsos,
338 1285 384 1346 vel
399 1285 489 1361 alios,
510 1302 586 1363 quos
603 1286 699 1364 magis
712 1305 875 1366 congruere
890 1287 1120 1363 arbitrabimini,
1136 1287 1283 1351 officiales
1297 1291 1377 1353 iute-

227 1380 302 1457 rim,
316 1399 368 1442 seu
382 1397 438 1460 per
447 1380 573 1441 modum
585 1382 780 1461 provisionis,
794 1391 828 1444 ut
842 1384 943 1462 ajunt,
957 1383 1139 1445 constituere
1150 1386 1288 1447 valeatis.

266 1482 407 1541 Vestrum
418 1486 562 1560 praeterea
576 1480 646 1555 erit,
659 1499 724 1560 qua
736 1480 885 1560 optimum
897 1481 1033 1560 ejusdem
1045 1470 1166 1561 Collegii
1181 1483 1316 1562 regimen
1326 1530 1337 1561 ,
1349 1494 1378 1547 et

225 1579 441 1640 aecouomicam
456 1577 534 1639 illius
547 1579 697 1639 bonorum
711 1577 1003 1641 administrationem
1013 1579 1189 1659 respiciunt,
1204 1580 1377 1646 firmissimo

226 1693 373 1736 novarum
389 1675 490 1754 legum
503 1673 641 1756 prasidio
659 1675 855 1751 constituere,
869 1694 905 1736 ac
918 1675 1042 1737 definire
1053 1722 1061 1744 ‚
1074 1683 1105 1736 et
1119 1675 1256 1755 singulos
1269 1678 1320 1757 qui
1335 1679 1382 1739 ir-'

226 1777 394 1851 repserunt,
406 1789 515 1852 pravos
530 1789 601 1832 usus
619 1771 780 1851 aptissimis
793 1771 932 1832 remediis
949 1770 1092 1844 evellere,
1109 1777 1140 1831 et
1160 1771 1272 1834 futuris
1286 1773 1374 1833 etiam

229 1869 425 1950 temporibuS,
447 1868 549 1950 quoad
561 1869 626 1930 fieri
640 1873 757 1949 potest,
771 1868 927 1947 impedire.
941 1869 1005 1941 Qua
1018 1866 1140 1947 quidem
1155 1866 1186 1927 in
1197 1886 1232 1929 re
1247 1869 1374 1929 conlidi-

225 1984 308 2042 mus,
327 1966 388 2027 imo
406 1985 462 2047 pro
483 1975 565 2028 certo
578 1967 741 2043 habemus,
763 1984 869 2026 omues
888 1985 942 2027 vos
963 1983 1086 2045 operam
1108 1966 1276 2028 collaturos
1293 1985 1372 2042 esse,

226 2063 374 2141 studium,
391 2071 422 2126 et
444 2064 638 2143 iudustriam,
658 2072 692 2126 ut
717 2065 834 2143 singula
856 2064 991 2142 religioni
1019 2069 1125 2124 vestra
1148 2081 1184 2123 ac
1208 2063 1374 2142 prudentia

224 2162 333 2240 quibus
346 2162 509 2242 plurimum
521 2170 552 2223 et
564 2162 694 2223 maxime
702 2162 817 2238 valetis,
829 2169 859 2222 et
868 2179 999 2241 quarum
1008 2160 1155 2220 virtutum
1167 2160 1270 2240 plura,
1282 2179 1374 2240 eaque

225 2259 345 2337 egregia
359 2261 432 2320 alias
447 2260 618 2341 praetulistis
637 2269 815 2340 argumenta
831 2261 966 2342 apprime
984 2258 1196 2342 respondeant.
1217 2262 1374 2335 Quascun-

225 2372 283 2434 que
299 2361 401 2416 autem
415 2357 446 2416 in
458 2357 592 2434 ejusdem
606 2357 725 2436 Collegii
739 2359 873 2434 bonum,
895 2365 925 2418 et
943 2359 1104 2420 utilitatem
1117 2359 1298 2421 sanciendas
1320 2379 1373 2440 pu-

225 2451 357 2514 taveritis
370 2452 467 2530 leges,
482 2469 534 2512 eas
554 2468 677 2529 omnes,
690 2458 851 2531 antequam
871 2471 888 2512 a
901 2453 987 2517 vobis
1001 2454 1243 2534 promulgentur,
1257 2454 1296 2516 ad
1316 2456 1374 2515 Nos

224 2549 333 2610 deferri
342 2549 501 2626 curabitis,
517 2555 550 2610 ut
561 2567 622 2610 nou
633 2549 725 2610 modo
738 2568 774 2610 ex
787 2549 910 2632 optimis
916 2550 1023 2613 vestris
1036 2551 1306 2615 deliberationibus
1319 2571 1374 2633 op-

224 2647 419 2726 portunisque
441 2645 663 2709 reformationis
685 2645 830 2726 decretis,
848 2666 960 2709 novum
977 2647 1070 2710 Nobis
1087 2648 1256 2728 prudentiae
1274 2669 1311 2710 ac
1331 2670 1375 2711 sa·

224 2743 341 2823 pientia
355 2751 458 2806 restra
472 2746 544 2808 satis
555 2746 619 2824 jam
634 2747 761 2827 cognitae
778 2747 856 2808 adsit
870 2746 1094 2823 testimonium,
1112 2747 1312 2828 letemurque
1323 2767 1375 2809 ve-

222 2841 377 2912 hementer
387 2862 439 2905 eos
453 2844 491 2905 ad
504 2841 676 2922 hujusmodi
689 2862 800 2908 munus
807 2847 868 2906 Nos
879 2845 1022 2925 delegisse
1033 2845 1131 2924 viros,
1143 2845 1195 2926 qui
1207 2852 1296 2908 tanto
1306 2865 1375 2909 cum

222 2938 337 3018 fructu,
348 2946 491 3022 tantaque
502 2960 572 3004 cum
584 2942 631 3004 sui
649 2943 779 3005 nominis
790 2942 886 3023 gloria
897 2942 970 3003 illud
986 2942 1196 3020 absolverunt,
1213 2943 1376 3006 sedetiam

223 3044 257 3100 ut
278 3040 448 3101 auctoritati
461 3048 577 3118 vestre,
595 3049 700 3103 nostra
719 3060 840 3122 quoque
860 3046 891 3101 et
907 3046 1019 3102 sanctae
1030 3039 1122 3118 hujus
1137 3042 1311 3120 apostolicae
1327 3045 1377 3104 Se·

221 3137 268 3198 dis
287 3139 446 3199 accedente
457 3139 615 3219 potestatis
626 3139 826 3220 plenitudine,
845 3145 875 3199 et
892 3138 1117 3219 approbationis
1128 3139 1257 3218 roboro,
1271 3140 1376 3203 utilius

221 3232 341 3309 deinde,
356 3239 386 3294 et
396 3233 548 3295 efficacius
566 3235 751 3315 promulgari
767 3254 785 3296 a
799 3235 883 3297 vobis
899 3253 942 3296 ec
957 3234 1093 3314 possint,
1109 3241 1140 3295 et
1160 3234 1216 3315 iis,
1241 3235 1277 3300 sd
1293 3255 1375 3318 quos

222 3328 367 3409 pertinet,
386 3336 544 3409 perpetuo,
558 3339 590 3392 et
602 3331 811 3394 inviolabiliter
825 3332 1016 3394 observanda
1029 3334 1170 3414 proponi.

260 3426 454 3489 Decemimus
472 3426 619 3507 denique,
642 3446 677 3489 ac
688 3429 841 3507 jubemus,
862 3435 1022 3510 presentes
1044 3437 1165 3493 nostras
1186 3432 1300 3495 litteras
1321 3434 1376 3496 lir-

220 3545 303 3600 mas‚
317 3526 447 3603 validas,
462 3534 493 3588 et
506 3527 643 3588 efficaces
656 3526 800 3600 existere,
815 3533 847 3589 et
860 3526 936 3605 iore,
949 3545 1079 3607 suosque
1096 3528 1267 3608 plenarios,
1281 3537 1314 3592 et
1326 3531 1377 3593 iu-

220 3634 320 3705 tegros
334 3623 459 3686 elsectus
466 3624 582 3702 sortiri,
596 3631 628 3685 et
638 3624 784 3703 obtinere,
800 3645 836 3687 ac
847 3625 904 3687 illis
914 3625 952 3688 ad
961 3644 1038 3706 quos
1049 3633 1176 3708 spectat,
1189 3633 1222 3688 et
1232 3647 1290 3709 pro
1299 3635 1376 3692 tem-

220 3740 295 3803 pore
308 3720 549 3805 quandocunque
563 3723 726 3805 spectabit,
748 3723 778 3784 in
792 3723 950 3800 omnibus,
970 3731 1000 3786 at
1017 3742 1071 3805 per
1084 3724 1186 3787 omnia
1199 3724 1375 3804 plenissime

218 3819 395 3902 suflragari,
408 3839 444 3882 ac
459 3823 497 3883 ab
509 3823 551 3884 eis
561 3822 727 3902 respective
739 3822 948 3883 inviolabiliter
957 3821 1110 3884 observari
1118 3867 1127 3899 ,
1139 3822 1245 3902 sicque
1254 3823 1286 3884 iu
1300 3844 1376 3905 prc-

217 3923 317 3986 missis
332 3940 390 4004 per
410 3937 618 4003 quoscumque
628 3921 747 4001 judices
764 3920 950 3998 ordinarios,
971 3926 1002 3982 et
1015 3920 1169 3999 delegatos
1187 3920 1283 3982 etiam
1296 3941 1375 3985 cau-

218 4038 323 4083 sarum
335 4020 440 4084 Palatii
452 4020 616 4101 Apostolioi
630 4018 801 4094 auditores,
817 4037 852 4080 ac
869 4018 953 4082 Sedis
961 4018 1140 4100 Apostolice
1155 4016 1374 4098 nuutiosjudi-

217 4118 280 4180 cari
288 4164 296 4195 ,
311 4124 342 4180 et
353 4116 471 4180 definiri
485 4117 613 4195 debere,
629 4135 665 4180 ac
678 4115 796 4179 irrltum
810 4123 841 4178 et
856 4119 945 4180 inane
956 4118 980 4179 si
990 4135 1076 4180 secus
1093 4135 1182 4197 super
1199 4117 1248 4180 bis
1264 4137 1284 4180 a
1298 4137 1374 4200 quo·

217 4232 312 4297 quam
322 4217 427 4298 quavis
440 4214 619 4278 auctoritate
635 4216 774 4292 scienter,
793 4217 840 4276 vel
854 4216 1024 4296 ignoranter
1038 4216 1197 4298 contigerit
1215 4220 1371 4283 attentari.

219 4312 285 4372 Nou
300 4308 489 4376 obstantibus
507 4312 661 4394 quibusvis
683 4313 855 4394 apostolicis
871 4316 1077 4395 generalibus,
1101 4316 1147 4385 vel
1165 4317 1371 4397 specialibus,

216 4406 499 4488 constitutionibus,
518 4416 549 4470 et
559 4408 796 4472 ordinationibus
806 4456 814 4489 ,
827 4429 883 4472 nec
896 4429 957 4474 non
970 4420 1121 4493 quatenus
1129 4430 1206 4494 opus
1220 4400 1271 4488 sit,
1285 4415 1372 4493 eius-

217 4502 288 4563 dem
302 4503 413 4568 ordinis
426 4503 565 4568 Fratrum
575 4507 823 4578 predicatorum,
836 4509 883 4571 vel
893 4509 1027 4589 predicti
1041 4509 1160 4589 Collegii
1174 4510 1371 4592 Parisieusis,
