3188 5414
323 493 358 540 os
472 466 479 483 ’
748 479 954 538 ennarrans
973 483 1038 537 xlv

325 601 357 651 ut
372 590 558 651 incredibiles
572 587 723 649 extiterint
744 587 774 647 in
790 587 891 648 divino
911 586 1077 648 exercendo
1092 586 1191 664 cultu,
1208 587 1239 648 in
1253 587 1387 648 curanda
1402 588 1473 649 ani*

323 707 442 751 marum
459 689 676 766 incolumitate,
690 706 726 749 ac
737 687 766 747 iu
777 686 946 764 omnigenis
957 685 1077 766 pietatis
1091 691 1122 746 et
1135 685 1286 765 religionis
1296 686 1475 750 muneribus

323 787 501 866 peragendis
513 786 754 867 opportunitates
763 804 799 846 ac
811 785 938 846 fructus.
952 785 1027 844 Cum
1039 789 1101 845 tam
1112 783 1189 844 hene
1197 781 1287 862 igitur
1299 781 1474 863 utiliterque

323 895 377 947 tua
392 885 514 946 cesserit
527 884 687 965 pastoralis
701 884 731 944 in
744 901 780 945 eo
791 882 892 963 posita
905 879 1091 957 sollicitudo,
1105 879 1262 940 hortamur
1278 885 1324 957 te,
1335 881 1474 942 Venera—

323 983 391 1043 bilis
411 984 526 1059 Frater,
547 981 661 1061 tibique
678 981 734 1042 etsi
755 988 863 1062 sponte
884 978 1025 1056 incitato,
1042 986 1144 1039 tamen
1159 995 1177 1038 a
1191 975 1285 1038 Nobis
1300 976 1392 1038 etiam
1413 977 1474 1038 sti-

321 1079 421 1139 mulos
433 1077 571 1138 addimus
584 1095 706 1139 omnem
720 1077 773 1138 des
785 1095 926 1157 operam,
946 1083 980 1137 ut
990 1081 1111 1156 gratum
1121 1082 1151 1136 tc
1165 1073 1222 1135 sibi
1235 1091 1301 1136 esse
1317 1092 1373 1154 pro
1386 1079 1474 1136 tanto

322 1177 466 1238 beneficio
481 1177 623 1257 Princeps
636 1176 684 1238 ille
696 1176 821 1253 sentiat,
841 1183 953 1254 tuaque
971 1174 1003 1235 in
1014 1191 1084 1236 eum
1097 1173 1139 1235 ita
1155 1173 1292 1234 cumules
1306 1171 1426 1249 ollicia,
1438 1179 1475 1233 ut

321 1276 469 1353 majorem
481 1292 598 1354 semper
612 1274 643 1335 in
655 1280 685 1334 te
703 1281 832 1353 tuosque
843 1273 979 1352 ejusdem
988 1270 1215 1350 benignitatem,
1225 1270 1309 1351 quod
1317 1270 1475 1334 cathohcae

321 1373 472 1452 religionis
483 1371 681 1432 incolumitati
694 1390 730 1432 ac
744 1372 928 1433 incremento
938 1371 1073 1433 futurum
1086 1369 1140 1448 sit,
1151 1369 1282 1431 excitare
1294 1387 1330 1431 ae
1343 1369 1473 1450 experiri

321 1473 427 1550 possis.
445 1470 479 1531 ld
488 1469 692 1549 gratissimum
705 1469 798 1531 Nobis
807 1469 930 1547 leceris,
943 1488 979 1531 ac
990 1467 1222 1550 amplificaveris
1232 1485 1318 1546 eam,
1331 1486 1393 1548 qna
1400 1486 1474 1548 erga

321 1580 352 1631 te
365 1589 421 1651 pro
435 1569 495 1630 tuis
508 1569 622 1630 meritis
634 1586 749 1645 sumus,
760 1568 1012 1631 existimationem
1026 1575 1056 1630 ct
1068 1569 1208 1648 gratiam,
1222 1567 1254 1628 in
1265 1567 1352 1646 cujus
1362 1566 1475 1647 pignus

322 1666 520 1747 apostolicam
530 1665 772 1728 benedictionem
782 1665 1043 1738 tibi‚Venerabilis
1054 1669 1170 1744 Frater,
1181 1674 1299 1747 tueque
1310 1665 1380 1728 fidei
1388 1684 1474 1728 com-

321 1765 415 1824 misso
426 1764 538 1845 populo
549 1768 740 1843 peramanter
750 1762 949 1844 impertimur.
965 1766 1078 1826 Datum
1087 1767 1198 1836 Romae,
1214 1771 1286 1842 etc,
1298 1766 1347 1825 dic
1363 1776 1378 1824 7
1392 1783 1475 1824 mor*

322 1868 358 1922 tii
375 1875 464 1940 1770,
479 1865 670 1942 pontificatus
682 1867 777 1923 nostri
791 1879 869 1922 onoc
878 1866 991 1940 primo.

838 2128 950 2198 LXlll.

777 2294 910 2351 ugruscro
933 2294 1018 2336 ruso

700 2408 931 2469 EMMANUELI
960 2409 1090 2480 ΡΙΝΤΟ,

393 2533 578 2581 noscimus
595 2534 619 2580 s.
637 2531 768 2579 Jonuurs
785 2532 1079 2580 uranosonrurmur
1093 2532 1204 2581 uacuo
1221 2527 1398 2592 memma,

632 2618 1021 2731 scaniensium
1049 2655 1156 2731 mu

1104 2822 1198 2880 Rornae,
1212 2822 1228 2867 9
1242 2818 1321 2868 nurtii
1337 2821 1405 2868 ¹770.

360 2935 559 3003 Dilectaetc.
574 2932 703 3007 Quidam
717 2933 755 2996 ad
763 2936 824 2996 Nos
833 2949 936 2997 rumor
946 2931 1054 2995 detulit
1067 2931 1183 3012 opinari
1198 2931 1296 2992 isthuc
1309 2931 1473 2993 nonnullos

322 3031 464 3092 dilectum
477 3031 572 3093 lilium
583 3033 600 3093 J
602 3033 732 3094 acobum
743 3036 875 3096 Laurum
885 3034 922 3096 de
934 3032 1065 3096 Breteuil
1072 3035 1224 3092 oratorem
1235 3029 1316 3111 apud
1326 3030 1388 3092 Nos
1399 3049 1473 3092 ves-

321 3137 402 3190 trum
416 3129 527 3206 minus,
542 3148 635 3209 quam
648 3149 702 3191 vos
713 3132 843 3208 velletis,
857 3132 888 3191 in
903 3127 1055 3209 fungendo
1070 3126 1236 3188 ministerio
1244 3126 1334 3188 'vobis
1347 3127 1474 3189 satista-

322 3235 401 3284 cere.
424 3225 486 3284 Nos
504 3224 626 3304 quidem
641 3225 742 3286 induci
759 3227 883 3287 minime
902 3242 1080 3306 possumus,
1101 3230 1135 3286 ut
1151 3223 1211 3292 hoc
1221 3228 1251 3284 te
1264 3223 1310 3284 vel
1318 3221 1471 3302 suspicari

321 3323 497 3399 credamus3
512 3341 695 3403 magnopere
703 3325 784 3387 enim
795 3326 975 3389 miraremur
986 3324 1115 3387 ullistibi
1124 3324 1277 3399 rationum
1288 3322 1470 3400 conjecturis

322 3420 352 3480 id
364 3419 463 3499 ipsum
475 3421 523 3481 vel
541 3419 646 3480 leviter
659 3438 793 3499 unquam
813 3421 932 3484 suaderi
946 3422 1094 3503 potuisse,
1112 3438 1184 3482 cum
1202 3421 1320 3502 optimc
1328 3418 1468 3496 noveris,

322 3517 396 3578 nihil
411 3536 528 3597 eorum,
542 3537 607 3598 quae
622 3519 744 3580 aNobis
753 3519 899 3583 hactenus
910 3524 967 3602 p'er
979 3519 1121 3582 errmdem
1131 3525 1283 3582 oratorem
1294 3524 1380 3580 tuum
1393 3537 1470 3599 pos⁴

321 3614 482 3691 tulaveris,
498 3623 529 3676 tc
548 3633 609 3678 non
624 3635 689 3679 csse
708 3617 849 3681 facillime
862 3625 1099 3699 consequutum3
1118 3616 1200 3698 quod
1218 3634 1289 3679 sane
1304 3615 1423 3679 etiamsi
1435 3624 1469 3678 et

325 3722 448 3776 tuorum
459 3713 680 3794 postulatorum
698 3717 847 3796 equitati,
869 3723 899 3779 et
915 3724 1023 3779 nostra
1036 3736 1108 3796 erga
1119 3724 1149 3778 te
1165 3721 1312 3796 tuumque
1330 3714 1468 3777 inclitum

320 3813 457 3874 ordinem
477 3811 689 3876 benevolentiae
703 3815 827 3893 reseras,
843 3816 982 3879 dubitare
991 3823 1094 3878 tamen
1113 3833 1174 3876 non
1188 3821 1285 3895 potes,
1299 3812 1373 3894 quin
1385 3813 1468 3893 quod

321 3913 351 3973 in
375 3909 498 3992 agendis
518 3912 645 3991 negotiis
664 3912 744 3974 valet
762 3913 943 3994 plurimum,
959 3913 1092 3974 maxima
1109 3911 1189 3973 illius
1205 3910 1379 3991 diligentia,
1391 3928 1469 3991 pru-³

319 4009 432 4088 dantia,
451 4008 585 4086 aclides,
598 4015 629 4070 et
637 4011 785 4091 singulare
797 4017 868 4091 erga
881 4030 934 4074 vos
950 4013 1083 4074 studium
1099 4031 1170 4075 cum
1183 4016 1342 4093 perspecta
1349 4009 1467 4088 jamdiu

320 4108 350 4168 in
367 4107 565 4188 apostolicam
590 4105 692 4177 sedem
714 4108 905 4170 observantia
924 4111 1121 4188 coniunctum
1142 4106 1351 4170 intercesserit.
1374 4109 1467 4168 Recte

320 4203 409 4280 igitur
424 4203 595 4283 utiliterque
609 4203 648 4264 ab
669 4203 735 4283 ipsc
748 4205 810 4284 geri
834 4205 1032 4268 ministerium
1046 4212 1181 4268 vestrum
1194 4224 1244 4268 res
1260 4205 1327 4286 ipsa
1339 4216 1469 4286 persua-

320 4291 391 4351 dere
403 4311 456 4352 vos
471 4293 573 4369 debet,
587 4292 788 4373 eumdemque
801 4294 912 4357 idcirco
927 4297 1012 4358 valde
1023 4297 1117 4358 Nobis
1129 4294 1315 4372 satisfacere,
1335 4313 1373 4356 ac
1393 4312 1467 4374 pro·
1500 4349 1503 4354 .

319 4391 425 4450 batum
440 4391 531 4452 etiam
547 4397 636 4471 atquc
657 4398 816 4472 acceptum
835 4410 910 4456 csse.
924 4393 1123 4454 Vehementer
1140 4393 1241 4473 itaque
1262 4391 1418 4473 cupimus,
1433 4398 1469 4452 ut

319 4506 359 4549 eac
373 4487 396 4547 si
410 4505 475 4566 quae
488 4496 557 4550 sunt
567 4488 654 4550 isthic
668 4489 705 4550 de
715 4489 766 4551 illo
777 4490 962 4571 suspiciones
974 4491 1165 4568 aboleantur;
1176 4490 1318 4570 quodque
1326 4487 1357 4549 id
1370 4488 1469 4567 magis
