3188 5414
664 501 867 558 mentientis
885 503 951 555 XlV

577 712 580 717 '
694 707 909 778 ccxxxvii.

644 889 832 934 venenantur
856 894 970 935 rudunt

329 1011 545 1077 wrunnrnm
565 1014 738 1077 ANTONIO
759 1016 945 1078 briscono
966 1014 1290 1080 PADERBONNFNSl

539 1156 774 1236 crtnnnns
800 1160 927 1237 enm
956 1160 1063 1247 xiv.
1364 1138 1373 1147 “

957 1339 1055 1390 Roman,
1072 1339 1101 1379 26
1118 1331 1231 1379 februarii
1247 1335 1315 1380 1772.

273 1453 478 1532 Venerabilis,
492 1463 547 1517 etc·
569 1453 603 1517 ln
614 1456 706 1518 literis
721 1456 780 1519 tuis
793 1456 832 1517 ad
851 1475 908 1519 nos
922 1456 971 1519 die
991 1459 1045 1518 ΧΠ
1056 1457 1185 1535 januarii
1200 1456 1279 1523 datis
1292 1475 1376 1536 mag-

230 1572 342 1635 nopere
368 1553 532 1616 Nobiscum
558 1554 622 1632 agis
647 1554 685 1616 de
712 1573 803 1616 causa
826 1549 1119 1628 Harservinkeliana,
1145 1555 1307 1634 adquam
1330 1561 1374 1631 te,

228 1651 412 1714 Venerabilis
425 1653 540 1729 Frater,
563 1669 715 1729 nummum
733 1658 853 1731 tuaeque
864 1651 1005 1732 pastorali
1019 1651 1200 1715 solicitudini
1221 1659 1376 1715 consenta-

214 1767 322 1811 neum
332 1748 506 1811 instituendi
519 1748 551 1809 in
564 1747 619 1810 isla
642 1748 766 1810 Dioecesi
783 1747 938 1811 Sentinarii
955 1748 1091 1811 studium
1102 1747 1236 1825 induxit,
1251 1748 1375 1811 incredi·

227 1846 286 1907 bile
300 1862 372 1909 sane
383 1851 445 1920 est,
457 1850 572 1924 quanto
583 1863 639 1907 nos
652 1844 813 1925 flagremus
825 1844 989 1919 desiderio,
1002 1853 1035 1908 ut
1045 1864 1100 1926 par
1113 1846 1224 1926 optatis
1238 1865 1274 1909 ac
1290 1848 1375 1909 meri·

216 1939 264 2006 tis
272 1942 330 2005 tuis
345 1929 527 2024 respondeat
540 1943 651 2019 exitus,
667 1953 757 2024 atque
772 1961 810 2004 ex
828 1948 932 2004 nostra
943 1948 1056 2021 tuaque
1073 1941 1219 2003 sententia
1230 1960 1268 2004 ea
1278 1944 1375 2005 omnis

227 2041 430 2105 controversia
439 2040 604 2102 decidatur.
617 2041 676 2103 sed
687 2040 761 2102 dum
773 2039 804 2100 id
816 2039 966 2120 cupimus,
977 2039 1161 2100 Venerabilis
1170 2041 1290 2118 Frater,
1304 2041 1373 2103 nihil

215 2157 316 2218 ,agere
337 2138 504 2214 debemus,
529 2156 591 2218 quo
605 2138 774 2199 detractum
792 2155 846 2216 per
868 2134 929 2197 Nos
952 2134 1117 2217 quidquam
1131 2155 1197 2199 esse
1221 2138 1261 2199 de
1278 2138 1373 2201 alieno

224 2238 293 2314 jure
309 2235 456 2297 videatur.
483 2235 541 2313 Agi
557 2237 620 2312 J'am
641 2252 677 2296 ea
692 2242 790 2313 coepta
807 2244 870 2305 est,
886 2243 918 2295 ut
929 2235 1025 2313 nosti,
1049 2252 1140 2297 causa
1152 2232 1184 2294 in
1199 2233 1258 2297 hae
1271 2241 1374 2299 nostra

215 2331 459 2410 ‚congregatione
473 2330 640 2392 Tridentini
651 2331 773 2392 Concilii
787 2330 958 2411 interprete,
969 2331 1007 2393 de
1019 2330 1105 2410 cujus
1116 2329 1221 2410 judicii
1235 2332 1374 2412 aequitat>

224 2448 261 2491 ac
273 2427 416 2509 sapientia
432 2427 507 2490 certi
529 2430 617 2509 plane
629 2447 748 2506 sumus,
768 2446 867 2511 neque
884 2430 1050 2512 quidquam
1062 2430 1099 2491 ab
1113 2449 1150 2492 ea
1167 2449 1232 2493 non
1242 2416 1374 2511 diligeri-

225 2527 336 2589 tissime
347 2527 513 2604 cognitum,
528 2543 695 2606 expensum
707 2535 797 2607 atque
811 2533 914 2590 actum
929 2527 965 2591 iri
977 2529 1159 2590 dubitamus.
1175 2528 1265 2592 Videt
1276 2531 1374 2593 illaec

223 2625 417 2686 vehementer
429 2626 622 2687 commendat
636 2631 688 2687 tua
706 2644 762 2705 pro
778 2614 899 2689 diaecesi
912 2627 1028 2706 studia,
1039 2633 1192 2710 quantum
1214 2647 1272 2691 nos
1283 2631 1374 2693 etiam

224 2725 277 2780 tua
290 2736 381 2781 causa
392 2718 580 2797 laboremus,
596 2721 753 2802 perspicit,
767 2730 801 2784 ut
814 2724 940 2803 proinde
946 2772 956 2803 ,
970 2727 1078 2807 siquid
1090 2726 1145 2806 ipsi
1158 2726 1332 2805 cavendum
1343 2729 1372 2791 in

97 2878 100 2883 ,
221 2817 280 2879 hoc
301 2816 416 2896 judicio
440 2819 518 2896 erit,
542 2837 648 2881 cavere
667 2820 796 2881 maxime
810 2822 939 2900 debeat,
955 2823 1068 2905 nequid
1082 2843 1121 2885 ex
1145 2823 1237 2885 animi
1254 2832 1373 2905 ergate

221 2914 411 2979 inclinatione
429 2917 619 2996 pronunciet.
634 2917 711 2979 lllud
723 2936 795 2979 sane
811 2921 890 2994 Nos,
909 2921 1101 3000 quantumin
1115 2919 1207 2983 Nobis
1225 2928 1274 2983 est
1285 2967 1296 2999 ,
1306 2922 1373 3000 jam

220 3014 439 3090 tetenderimus,
448 3020 482 3075 ut
492 3034 588 3096 quem
596 3015 704 3095 poterit
716 3016 936 3096 expeditissime
950 3015 1113 3078 aderitum
1125 3015 1373 3099 causaperduaa-

211 3119 268 3171 tur
278 3134 286 3187 3
296 3113 425 3190 quodeo
435 3112 524 3174 citius
536 3111 598 3188 liet,
610 3129 670 3190 quo
682 3116 784 3191 partes
793 3119 882 3172 erunt
890 3110 930 3173 ad
936 3130 991 3173 sua
1002 3104 1163 3172 deserenda
1171 3110 1371 3191 jurapromp·

219 3205 322 3265 tiores.
343 3207 433 3268 Vides
442 3208 526 3285 jaan,
539 3205 725 3267 Venerabilis
738 3208 852 3284 Frater,
874 3207 993 3269 adeam
1005 3208 1208 3286 voluntatem,
1220 3224 1280 3287 qua
1295 3224 1370 3285 erga

209 3308 250 3360 te
266 3319 383 3380 sumus,
394 3302 468 3364 nihil
480 3302 625 3363 accedere
638 3320 726 3383 posse
735 3347 745 3380 ,
753 3302 809 3364 nisi
822 3303 1089 3386 opportunitatem,
1105 3302 1300 3385 quaerendem
1311 3302 1369 3365 tibi

218 3398 316 3479 reipsa
327 3400 531 3476 declaremus,
544 3399 624 3461 unde
638 3399 772 3483 profecto
785 3401 873 3463 facile
892 3401 1090 3482 intelligeres,
1107 3402 1188 3465 haud
1202 3400 1371 3485 quidquam

218 3502 359 3563 interesse
371 3507 534 3580 tuaposse‚
546 3501 636 3591 cujus
648 3501 709 3562 Nos
717 3500 1010 3582 plurimamaNobis
1019 3500 1192 3564 habendam
1204 3503 1373 3565 esseratio

218 3619 288 3663 uem
309 3617 371 3662 non
381 3600 540 3661 dommus.
555 3600 601 3661 Ao
614 3599 646 3660 in
657 3598 820 3680 pontificiae
832 3599 966 3663 caritatis
979 3599 1089 3681 pignus
1100 3601 1301 3682 apostolicam
1312 3603 1372 3665 be-

217 3697 417 3760 nedictionem
436 3697 509 3774 tibi,
524 3696 712 3759 Venerabilis
725 3698 841 3773 Frater,
855 3703 975 3778 tuaeque
990 3696 1062 3759 fidei
1076 3698 1239 3761 cornmisso
1252 3700 1372 3783 populo
1407 3772 1413 3794 ι

217 3793 616 3875 peramanter'impertimnr.
630 3797 743 3855 Datum
759 3796 879 3864 Rome,
903 3800 973 3870 ete,
997 3795 1046 3855 die
1063 3805 1100 3855 26
1112 3794 1263 3870 tebruorii
1279 3807 1370 3873 rm,

215 3895 410 3971 pontificatus
427 3895 520 3950 nostri
535 3909 615 3951 onoc
628 3894 729 3950 tertio.
