3188 5414
474 487 654 542 urrsronn
673 487 717 540 ur
734 486 869 539 cunum
888 471 1120 544 snnn'cuonl.
1242 503 1246 510 .
1321 489 1366 541 tsi

743 647 851 715 CLXI.

457 795 677 836 DlLllCTlSSlMO
702 795 734 835 ΙΝ
756 793 890 836 cflnlsw
913 793 994 836 rltto
1017 791 1135 834 NOSTRO

331 890 475 955 rnruo
501 866 730 954 nnoronuo
763 889 1010 952 recuruum
1037 888 1259 958 nuseium,

332 1024 335 1026 ⁷
485 1007 630 1055 ETRURIAE
645 1007 705 1055 Sllll
721 1005 886 1054 summm
899 1003 1009 1053 MAGNO
1022 1002 1108 1062 buci,
1137 995 1140 1001 ’

528 1101 763 1181 CLEMENS
789 1103 916 1180 PAPA
946 1101 1055 1178 XIV.
1106 1189 1109 1194 ¹

770 1240 772 1245 ’
932 1225 1066 1312 Βοωω,,1’1
1085 1250 1226 1314 septembris
1242 1255 1308 1300 1771.
1368 1306 1370 1311 ¹

263 1347 482 1419 Dilectissimo,
498 1355 553 1410 eto.
570 1349 660 1427 Cujus
675 1348 836 1430 participes
850 1350 911 1411 Nos
929 1347 1004 1410 lacis
1015 1347 1127 1410 latitia
1142 1355 1217 1427 tue,
1233 1335 1325 1430 quam
1341 1350 1371 1412 in

221 1445 334 1506 recenti
356 1452 426 1507 ortu
445 1444 497 1507 lilii
519 1445 701 1527 percepisti,
725 1445 866 1507 eumdem
885 1445 947 1508 Nos
968 1443 1076 1506 intimo
1089 1443 1246 1508 hausimus
1259 1465 1371 1522 sensu,

220 1540 412 1604 dilectissime
425 1542 458 1604 in
478 1541 594 1612 Christo
610 1538 652 1602 tili
679 1546 802 1619 noster,
818 1547 851 1602 ut
878 1539 932 1604 tibi
952 1539 1098 1620 plurimas
1114 1539 1228 1602 idcirco
1238 1543 1371 1621 gratias,

219 1639 345 1718 perinde
368 1660 403 1702 ac
425 1649 562 1703 nostrum
586 1639 661 1718 illud
679 1639 837 1721 proprium
859 1645 939 1701 esset
962 1638 1119 1721 gaudium,
1152 1640 1377 1721 persolvamus·

220 1737 422 1800 Vehementer
444 1737 526 1800 enim
551 1743 656 1800 nostra
677 1737 802 1799 interest
812 1735 959 1817 quidquid
978 1735 1018 1797 ad
1040 1753 1108 1797 eam
1129 1729 1372 1816 Domumoujus
1465 1768 1471 1781 ι

219 1842 306 1896 tanta
323 1855 393 1917 pars
410 1835 501 1897 estin
522 1834 689 1897 Christiana
709 1834 896 1915 Republica,
917 1831 1129 1894 stabiliendam
1147 1833 1244 1913 magis
1262 1853 1372 1914 eugen<

113 2000 116 2005 .
220 1930 352 2010 damq'ue
369 1931 509 2012 pertinet.
524 1932 599 1992 Cum
614 1931 664 1992 illa
679 1930 780 2011 itaque
792 1948 955 2010 perennem
972 1936 1211 2012 perpetuamque
1230 1930 1371 2010 maximis

222 2044 257 2085 ac
271 2026 452 2105 gravissimis
465 2026 503 2088 dc
516 2025 615 2087 causis
629 2043 694 2087 esse
706 2025 881 2106 cupiamus,
896 2024 1072 2113 amplificari
1085 2044 1166 2088 nuuc
1176 2032 1234 2087 tuae
1242 2026 1372 2113 Familiae

222 2121 407 2184 incremento
418 2122 508 2202 hujus
520 2121 604 2185 modi
615 2141 683 2204 spes
700 2128 818 2184 nostras
830 2122 872 2184 ita
889 2123 1034 2200 letamur,
1050 2127 1154 2188 utnon
1169 2122 1373 2192 minus-Nobis

106 2288 107 2293 η
221 2220 293 2300 ipsis
304 2217 400 2300 'quam
415 2215 475 2282 'tibi
495 2238 614 2301 unaque
636 2218 835 2282 dilectissime
862 2219 892 2281 in
919 2218 1037 2281 Christo
1055 2219 1124 2289 filiae
1143 2226 1253 2285 nostrae
1269 2221 1373 2301 ,Msriae

219 2319 377 2382 Ludovicae
389 2320 642 2401 praestantissime
657 2320 777 2399 conjugi
793 2324 851 2382 tna
863 2365 872 2398 ,
885 2319 968 2400 quod
981 2318 1217 2382 luculentissime
1232 2318 1370 2397 tacimus,

219 2416 415 2493 gratulemur.
431 2406 495 2491 Qua
507 2416 596 2496 igitur
614 2407 756 2496 singulari
774 2417 944 2498 eximiaque
960 2418 1088 2499 pietate,
1101 2436 1224 2495 amore,
1238 2416 1341 2479 studio
1359 2464 1367 2489 ,

219 2512 440 2575 existimatione
461 2512 634 2577 universam
652 2515 782 2577 Domum
795 2516 903 2576 ,Tuam
922 2516 1163 2596 complectimur,
1184 2515 1251 2577 haeo
1263 2515 1371 2577 eadem

218 2617 348 2689 paterne
360 2611 494 2672 caritatis
511 2610 612 2676 officia
624 2612 814 2674 extendimus
827 2613 859 2674 in
872 2621 1025 2677 recentem
1033 2614 1113 2677 hanc
1123 2621 1207 2676 tuam
1221 2614 1370 2690 sobolem,

218 2705 307 2788 eique
320 2706 360 2767 ab
376 2705 616 2790 auspicatissimo
632 2705 691 2768 hoo
700 2706 786 2768 initio
799 2697 842 2768 ita
860 2705 980 2770 felicem
993 2709 1217 2788 gloriosumque
1230 2708 1295 2777 vita
1304 2727 1371 2769 cnr-

218 2823 286 2866 sum
309 2821 431 2864 omnem
455 2809 617 2882 optamus,
638 2820 674 2862 ac
695 2819 870 2883 precamur,
899 2809 934 2863 ut
954 2821 1072 2884 semper
1096 2805 1229 2884 potiores
1246 2823 1283 2864 ex
1305 2805 1371 2881 ejus

219 2899 311 2978 Regia
319 2898 418 2960 indole
428 2943 437 2974 ,
448 2905 478 2958 et
490 2917 527 2958 ex
537 2897 772 2959 domesticarum
784 2898 1042 2979 amplissimarum
1050 2899 1195 2969 virtutum
1204 2899 1371 2966 imitatione

219 2995 337 3057 laetandi
351 3013 451 3057 causae
464 2994 556 3056 Nobis
571 2993 690 3074 possint
701 2995 840 3056 existere.
856 2999 956 3079 Atque
971 2994 1036 3064 haec
1048 3000 1121 3057 vota
1132 3000 1239 3060 nostra
1256 3001 1291 3054 ut
1303 3000 1371 3057 rata

218 3112 299 3170 esse,
315 3100 344 3154 et
361 3092 506 3155 certiores
523 3096 649 3153 eventus
663 3084 717 3152 Dei
734 3090 917 3176 benignitate
932 3091 1032 3159 sortiri
1048 3092 1186 3169 rabant,
1206 3091 1368 3172 prosequi-

218 3204 287 3251 mur
300 3197 330 3252 et
347 3189 538 3252 cumulamus
564 3187 731 3268 apostolica
745 3187 974 3268 benedictione,
987 3208 1081 3272 quam
1102 3190 1133 3258 in
1150 3209 1264 3253 novum
1276 3191 1371 3267 felici-¹

217 3290 288 3350 tatis
306 3288 495 3371 auspicium,
514 3292 545 3349 et
560 3287 590 3348 in
606 3293 715 3349 nostrae
728 3283 856 3368 egregiae
877 3289 1011 3359 caritatis
1034 3290 1144 3371 pignus
1162 3290 1235 3368 tibi,
1248 3296 1372 3372 tueque,

216 3387 313 3466 llegise
333 3385 474 3466 conjugi,
489 3401 652 3464 recensque
676 3390 748 3445 irato
766 3383 829 3452 tilio
848 3403 884 3449 ac
898 3381 960 3449 toti
975 3385 1176 3457 dilectissima
1203 3387 1234 3447 in
1249 3387 1366 3450 Christo

219 3485 339 3547 t'emiliae
353 3493 414 3546 tuae
433 3475 538 3546 intimo
563 3483 680 3564 paterni
700 3482 801 3545 cordis
820 3500 910 3547 sensu
932 3483 1138 3546 amantissime
1163 3483 1373 3567 impertimur:

223 3585 334 3643 Datum
366 3584 482 3658 Rotrroe,
501 3584 551 3644 dte
582 3595 625 3646 ιι4
642 3583 820 3665 septembris
844 3586 943 3660 t‘lrt,
954 3585 1148 3660 pontificatus
1170 3588 1264 3648 nostri
1288 3602 1371 3649 anno

218 3683 316 3744 lertio.
1432 3688 1434 3692 ’

698 3765 879 3780 -n———n-

731 3870 853 3943 CLXll.
932 3871 934 3876 ’

556 4016 688 4060 prunedo
705 4018 798 4062 ,litto
821 4016 931 4060 unu-tm
953 4018 1027 4060 vlltt)

349 4099 545 4176 nuuovrco
566 4115 739 4176 ausuum
759 4115 854 4178 uum
875 4115 1230 4193 marmannorum

527 4205 761 4310 ceraunus
790 4231 918 4310 reru
947 4229 1054 4311 xus.

502 4422 506 4429 .
927 4380 1017 4439 Romae,
1035 4384 1065 4429 20
1079 4379 1218 4441 septembris
1237 4386 1301 4431 llll.
1370 4388 1373 4393 '

260 4473 387 4542 Dilecte,
403 4481 458 4534 etc.
476 4475 551 4536 Cum
565 4481 623 4537 tuac
635 4475 727 4537 Nobis
739 4475 861 4536 redditae
872 4481 969 4538 essent
978 4475 1081 4553 literae,
1093 4495 1128 4537 ox
1139 4474 1231 4559 iisque
1241 4470 1365 4559 cognos-
