3188 5414
228 507 281 556 394
658 499 863 555 CLElllENTlS
882 501 946 554 xlv

226 608 301 668 Cum
316 613 416 668 autern
431 605 477 667 his
488 605 653 685 presertim
665 603 852 685 temporibus
866 603 951 665 valde
969 602 1159 683 periculosis,
1175 603 1326 683 pluribus
1340 605 1387 667 lo-

225 703 282 778 cis,
300 709 331 764 et
348 701 429 782 apud
442 702 540 765 varios
553 703 704 782 Principes
719 705 865 782 (quorum
879 710 978 764 tamen
990 720 1140 774 amorem,
1153 709 1183 763 et
1195 703 1384 767 charitatem

225 807 334 862 sancta
342 799 493 861 memorie
508 803 597 863 Pater
608 801 739 879 {gnatius
750 798 985 862 conservandam
996 797 1035 859 ad
1047 798 1184 860 divinum
1196 799 1383 881 obsequium

225 897 372 976 pertinere
383 895 517 976 putavit)
529 896 698 975 aliquorum
711 895 838 956 fortasse
850 895 957 974 culpa,
970 900 1002 955 et
1014 894 1061 956 vel
1070 895 1256 973 ambitione,
1276 899 1326 959 vel
1341 899 1382 961 in-

224 993 354 1055 discreto
364 993 426 1056 zelo
436 991 550 1071 Religio
560 998 663 1055 nostra
673 991 752 1052 male
765 990 882 1069 audiat3
894 997 926 1052 et
935 989 1066 1071 alioquin
1073 991 1172 1063 bonus
1180 993 1296 1056 Christi
1306 995 1381 1059 odor

224 1091 410 1153 necessarius
421 1090 459 1153 sit
468 1090 507 1152 ad
518 1089 759 1152 fructificandum
767 1113 776 1166 ;
791 1087 906 1151 censuit
919 1087 1115 1167 Congregatio
1127 1089 1166 1151 ab
1180 1091 1268 1167 omni
1278 1093 1380 1172 specie

183 1231 185 1234 -
225 1188 296 1249 mali
313 1187 523 1250 abstinendum
539 1205 621 1265 esse,
647 1193 677 1248 et
699 1186 846 1267 querelis,
864 1184 966 1266 quoad
987 1185 1051 1246 lieri
1075 1185 1200 1266 poterit,
1222 1187 1320 1250 etiam
1340 1207 1374 1250 ex

224 1284 306 1346 salsis
315 1285 534 1365 suspicionibus
545 1284 801 1365 provenientibus,
812 1281 1041 1344 occurrendum.
1055 1283 1152 1357 Quare
1165 1284 1308 1363 praesenti
1323 1285 1378 1346 de-

223 1391 307 1445 creto
319 1383 460 1463 graviter,
479 1389 510 1444 et
523 1401 624 1445 severe
641 1380 751 1443 nostris
763 1379 903 1441 omnibus
925 1377 1089 1455 interdicit,
1103 1397 1142 1439 ne
1156 1379 1188 1440 in
1201 1379 1376 1459 hujusmodi

225 1483 350 1562 publicis
359 1483 484 1562 negotiis
493 1528 501 1559 ,
511 1483 602 1545 etiam
614 1481 747 1557 invitati,
761 1486 813 1541 aut
825 1479 922 1541 allecti
934 1479 995 1540 ulla
1004 1478 1119 1540 ratione
1129 1497 1160 1539 se
1172 1478 1375 1551 immisceant,

223 1597 279 1640 nec
298 1579 364 1641 ullis
380 1579 538 1659 precibus,
554 1583 607 1640 aut
616 1576 805 1638 suasionibus
823 1575 861 1637 ab
872 1574 1008 1637 instituto
1018 1574 1191 1636 deflectant.
1209 1578 1248 1636 Et
1263 1584 1375 1656 praete-

223 1693 275 1735 rea
290 1674 400 1754 quibus
420 1673 639 1737 efficacioribus
659 1672 798 1734 remediis
816 1671 939 1733 omuino
950 1670 1020 1732 huic
1041 1671 1168 1749 morbo,
1183 1672 1283 1733 sicubi
1299 1691 1373 1753 opus

224 1771 278 1848 sit,
291 1772 439 1834 medicina
454 1772 642 1848 adhibeatur,
662 1771 798 1852 patribus
816 1768 1026 1831 Definitoribus
1048 1777 1188 1832 accurate
1208 1769 1376 1833 decernen-

223 1865 314 1944 dum,
326 1873 357 1927 et
367 1866 569 1929 definiendum
586 1865 818 1928 commendavit.

262 1975 311 2024 21.
325 1964 456 2026 Maximo
470 1983 541 2026 sane
556 1965 647 2026 animi
661 1963 754 2026 nostri
764 1963 868 2024 dolore
881 1961 1123 2038 observavimus,
1134 1967 1200 2023 tam
1212 1962 1372 2042 praedicta,

222 2079 314 2140 quam
334 2061 392 2123 alia
409 2063 567 2143 complura
589 2061 730 2140 deinceps
750 2059 884 2121 adbibita
902 2058 1035 2121 remedia
1058 2058 1132 2119 nibil
1145 2057 1242 2120 ferme
1259 2059 1378 2124 virtutis

222 2177 282 2236 prae
298 2177 329 2221 se
340 2158 459 2237 tulisse,
478 2165 509 2221 et
525 2159 712 2220 auctoritatis
729 2157 767 2218 ad
781 2162 843 2234 tot,
865 2173 900 2217 ac
915 2161 1015 2217 tantas
1037 2155 1209 2217 evellendas
1223 2156 1377 2240 dissipan-

221 2254 335 2334 dasque
348 2257 467 2333 turbas,
484 2255 703 2331 accusationes,
720 2260 750 2315 et
763 2252 967 2333 querimonias
978 2252 1008 2313 in
1021 2270 1097 2332 sepe
1108 2251 1225 2314 dictam
1239 2256 1377 2318 Societa-

222 2357 301 2428 tem,
312 2352 481 2432 frustraque
496 2353 535 2414 ad
548 2353 578 2413 id
591 2352 744 2413 laborasse
755 2356 879 2412 oaeteros
891 2348 1124 2411 Praedecessores
1138 2355 1263 2413 nostros
1278 2353 1378 2414 Urba-

222 2468 296 2511 num
309 2453 388 2527 Vlll,
408 2453 591 2513 Clementem
609 2453 661 2527 lX,
677 2453 714 2526 X,
727 2452 768 2510 XI
779 2456 810 2510 et
821 2450 886 2525 Xll,
899 2447 1102 2510 Alexandrum
1118 2451 1172 2510 Vll
1183 2456 1217 2511 et
1230 2453 1312 2529 VIll,
1327 2456 1376 2514 ln-

222 2546 395 2609 nocentium
411 2549 449 2624 X,
465 2548 517 2619 XI,
530 2549 583 2608 Xll
595 2554 626 2608 et
636 2549 715 2622 XIII,
728 2553 759 2608 et
778 2546 974 2609 Benedictum
989 2548 1066 2608 XIV.
1084 2548 1137 2626 qni
1151 2548 1376 2627 optatissimam

222 2643 322 2706 conati
336 2651 405 2705 sunt
418 2644 557 2705 Ecclesiae
576 2644 732 2706 restituere
753 2643 1000 2723 tranquillitatem
1016 2643 1152 2726 plurimis
1167 2646 1377 2710 saluberrimis

221 2739 308 2803 editis
321 2741 588 2803 Constitutionibus
594 2766 603 2820 3
616 2749 680 2803 tam
691 2741 772 2804 circa
781 2743 935 2806 saecularia
949 2744 1084 2823 negotia,
1097 2744 1166 2806 sive‘
1175 2752 1263 2807 extra
1276 2767 1375 2811 sacras

221 2835 376 2898 llissiones
384 2881 393 2914 ,
408 2837 469 2898 sive
486 2856 590 2899 earum
602 2838 759 2900 occasione
773 2839 897 2901 minime
912 2839 1096 2916 exercenda,
1108 2858 1205 2920 quam
1217 2842 1303 2905 circa
1314 2845 1376 2907 dis·

222 2933 296 2994 sidia
313 2934 504 3014 gravissima,
523 2954 558 2996 ac
574 2937 673 3016 J'urgia
691 2936 833 2998 adversus
844 2940 993 2999 Locorum
1013 2938 1201 3016 Ordinarios,
1222 2944 1377 3021 regulares

221 3032 363 3111 Ordines,
378 3036 459 3096 Loca
469 3034 535 3114 pia,
558 3042 648 3114 atque
663 3034 899 3097 communitates
910 3034 1042 3113 cujusvis
1055 3035 1173 3114 generis
1187 3035 1219 3097 in
1231 3039 1375 3120 Europa,

221 3132 310 3208 Asia,
330 3138 361 3193 et
373 3133 528 3210 America,
544 3152 605 3194 non
622 3133 685 3194 sine
703 3133 814 3212 ingenti
828 3133 996 3194 animarum
1010 3134 1117 3209 ruina,
1129 3151 1166 3194 ao
1186 3136 1373 3214 populorum

222 3229 418 3292 admiratione
438 3231 617 3292 aSocietate
632 3231 740 3292 acriter
756 3230 902 3308 excitata3
923 3229 1091 3292 tumetium
1109 3248 1202 3309 super
1221 3231 1375 3311 interpre-

220 3330 352 3407 tatione,
368 3334 398 3390 et
409 3329 494 3408 praxi
515 3329 711 3390 Ethnicorum
733 3327 934 3406 quorumdam
951 3328 1063 3388 rituum
1082 3325 1234 3406 aliquibus
1246 3327 1278 3389 in
1296 3329 1374 3391 locis

220 3426 332 3506 passim
352 3425 500 3502 adbibita,
524 3425 642 3487 omissis
669 3424 723 3501 iis,
743 3424 856 3502 quiab
873 3422 1035 3485 Universali
1061 3423 1198 3484 Ecclesia
1220 3431 1295 3486 sunt
1315 3426 1381 3491 rite.

220 3524 338 3605 probati
350 3547 359 3602 ;
378 3525 425 3586 vel
441 3542 531 3604 super
543 3541 646 3585 earum
660 3522 875 3583 sententiarum
890 3539 962 3597 usu,
976 3527 1007 3581 et
1019 3520 1280 3601 interpretatione,
1295 3542 1374 3603 quus

220 3620 393 3699 Apostoliea
409 3621 500 3682 Sedes
509 3627 653 3700 tanquam
665 3618 873 3696 scandalosas,
885 3618 1067 3698 optimaeque
1078 3619 1374 3701 morumdisoiplinae

220 3718 377 3779 manifeste
401 3718 505 3780 noxias
521 3718 628 3780 merito
652 3716 841 3798 proscripsit,
868 3716 914 3778 vel
937 3717 1002 3778 aliis
1023 3716 1146 3780 demum
1167 3737 1261 3800 super
1282 3721 1375 3783 rebus

219 3814 342 3875 niaximi
352 3814 491 3895 equidem
501 3813 663 3890 momenti,
677 3812 753 3873 etad
766 3811 1001 3872 Christianorum
1012 3810 1189 3892 dogmatum
1204 3814 1372 3895 puritatem

219 3919 332 3973 sartam
346 3918 457 3974 tectam
474 3912 652 3974 servandam
676 3910 811 3990 apprime
833 3908 1022 3986 necessaria,
1039 3917 1070 3972 et
1080 3930 1120 3972 ex
1140 3912 1253 3993 quibus
1267 3921 1374 3975 nostra

218 4010 276 4070 hac
292 4029 352 4071 non
372 4009 487 4085 minus,
513 4028 606 4088 quam
626 4008 771 4088 superiori
794 4013 881 4068 aetate
906 4006 1035 4087 plurima
1056 4008 1251 4070 dimanarunt
1275 4010 1373 4072 detri-

218 4113 338 4184 menta,
350 4113 381 4167 et
394 4105 604 4181 incommoda;
619 4104 860 4185 perturbationes
875 4103 1018 4166 rrinrirum
1035 4122 1071 4164 ac
1085 4105 1231 4165 tumultus
1247 4105 1279 4166 in
1297 4124 1374 4168 non-

218 4203 306 4264 nullis
333 4201 492 4265 Catholicis
514 4201 703 4280 regionibus,
726 4201 864 4263 Ecclesiae
888 4200 1110 4280 persecutiones
1131 4201 1160 4261 in
1182 4201 1372 4281 quibusdam

218 4299 312 4376 Asiae,
325 4306 355 4360 et
368 4303 495 4379 Europae
508 4298 666 4378 provinciis
674 4322 683 4376 3
697 4298 800 4377 ingens
809 4298 936 4377 denique
953 4299 1059 4360 allatus
1070 4306 1114 4359 est
1124 4318 1234 4359 moeror
1247 4300 1372 4362 Praeda-

219 4397 385 4457 oessorilrus
395 4395 518 4471 nostris,
532 4395 603 4456 etin
615 4394 727 4475 hispiae
737 4394 887 4455 memoriae
901 4394 1072 4456 lnnorentio
1085 4396 1170 4473 Papa
1184 4396 1235 4454 Xl.
1248 4396 1303 4475 qui
1313 4392 1372 4457 ne-

219 4492 355 4554 cessitate
373 4494 544 4576 compulsus
557 4513 593 4556 eo
613 4491 748 4568 devenit,
767 4498 800 4552 ut
821 4492 959 4553 Societati
976 4491 1158 4552 interdixerit
1177 4491 1309 4552 novitios
1332 4490 1374 4551 aid
