3188 5414
342 528 392 579 aaa
657 480 659 485 ¹
766 519 970 576 excusans
986 520 1052 572 xxv

340 644 401 687 nan
414 625 589 688 modointer
600 625 720 701 Socios,
732 624 937 685 verumetiam
949 641 1019 684 cum
1031 622 1096 683 aliis
1107 617 1296 700 regularibus
1306 617 1490 694 Ordinibus,

340 724 425 786 Claro
440 723 587 801 saculni,
599 719 784 798 academiis,
797 720 1046 782 Universitatibus
1056 765 1064 797 ,
1076 717 1202 799 publicis
1213 717 1393 779 litterarum
1403 719 1491 797 Gyas

338 817 430 880 nasiis
437 864 445 896 ,
459 825 490 880 et
503 837 573 881 oum
587 819 659 899 ipsis
668 819 759 880 etiam
773 816 973 899 Principibus,
987 833 1118 896 quorum
1129 814 1159 876 in
1170 814 1341 877 ditionibus
1355 814 1490 876 Societas

338 914 436 976 luerat
457 922 597 996 excepta3
620 914 799 995 easdemque
815 914 1042 993 contentiones,
1057 920 1089 976 et
1106 913 1229 976 dissidia
1242 914 1382 976 excitata
1397 914 1492 975 modo

338 1011 430 1075 fuisse
443 1013 481 1076 de
491 1019 630 1076 votorum
644 1012 759 1089 indole,
772 1017 803 1073 et
813 1018 941 1088 natura,
959 1011 997 1073 de
1009 1018 1145 1092 tempore
1159 1009 1424 1073 admittendorum
1437 1011 1488 1072 So

339 1109 455 1171 ciorum
467 1110 505 1171 ad
520 1115 604 1186 vota,
622 1110 660 1172 de
672 1110 815 1172 facultate
829 1110 933 1173 Socios
946 1109 1133 1190 expellendi,
1148 1108 1186 1171 da
1204 1108 1315 1170 iisdem
1333 1107 1435 1169 Sociis
1451 1107 1486 1169 ad

337 1225 438 1270 sacros
458 1207 577 1270 ordines
596 1199 807 1289 promovendis
820 1208 884 1270 sine
904 1226 1052 1287 congrua,
1072 1225 1108 1269 ac
1123 1206 1187 1271 siue
1202 1204 1280 1268 votis
1299 1204 1485 1267 solemnibus

268 1307 271 1311 ’
337 1311 442 1367 contra
453 1306 575 1368 Concilii
596 1305 781 1382 Tridentini,
797 1325 833 1366 ac
846 1311 955 1366 sanctae
967 1305 1119 1367 memoria
1139 1302 1182 1364 Pii
1203 1304 1295 1384 Papae
1308 1305 1348 1362 V.
1366 1302 1486 1363 Praeda-

337 1402 463 1464 oessoris
476 1403 570 1465 nostri
581 1401 718 1478 decreta;
729 1400 820 1463 modo
830 1400 868 1462 de
880 1400 1016 1462 absoluta
1025 1406 1188 1480 potestate,
1197 1406 1292 1479 quam
1303 1388 1484 1480 Praepositae

336 1499 481 1576 generalis
495 1489 798 1578 ejusdem'Societatis
811 1497 867 1559 sibi
881 1496 1070 1574 vindicabat,
1086 1516 1121 1558 ac
1136 1497 1173 1558 de
1193 1497 1257 1558 aliis
1279 1497 1376 1558 rebus
1394 1497 1484 1576 ipsius

337 1596 493 1658 Societatis
505 1597 639 1676 regimen
652 1578 855 1677 spectantibus
862 1618 871 1670 3
894 1594 985 1656 modo
1006 1593 1044 1654 de
1057 1594 1147 1655 variis
1160 1592 1305 1655 doctrinm
1316 1593 1482 1674 capitibus,

337 1690 376 1752 da
389 1691 515 1769 scholis,
528 1692 566 1754 de
577 1691 832 1773 exemptionibus,
846 1697 876 1752 et
887 1690 1063 1771 privilegiis,
1075 1710 1143 1772 quae
1153 1693 1307 1753 Locorum
1318 1691 1482 1767 ordinarii,

338 1787 458 1869 aliaque
479 1808 612 1868 persona
629 1790 660 1850 in
680 1788 904 1860 Ecclesiastica,
927 1788 973 1850 vel
992 1788 1125 1850 saeculari
1146 1787 1293 1867 dignitate
1313 1787 1504 1850 constituta·

337 1903 397 1946 sua
408 1885 498 1948 noxia
508 1904 573 1948 essa
584 1885 797 1964 jurisdictioni,
813 1905 848 1947 ac
857 1885 975 1965 juribus
986 1886 1222 1963 contendebant;
1237 1905 1273 1947 ac
1287 1885 1417 1946 demum
1430 1886 1484 1946 rni-

337 1980 416 2043 nima
430 1981 591 2053 defuerunt
604 1983 785 2062 gravissima
797 1981 1004 2044 accusationes
1017 1981 1130 2044 eisdem
1144 1983 1238 2044 Sociis
1254 1981 1401 2061 obJectre,
1420 2001 1485 2064 que

337 2079 509 2142 Christianae
527 2079 707 2162 Reipublicae
720 2097 826 2162 pacem
837 2125 844 2158 ,
859 2098 894 2143 ac
906 2071 1150 2159 tranquillitatem
1161 2097 1221 2141 uon
1234 2097 1347 2160 parum
1360 2086 1485 2161 pertur-

225 2166 228 2170 “
337 2175 456 2238 barunt.

379 2283 425 2336 18.
441 2273 621 2336 Multaebinc
641 2282 711 2336 ortae
732 2276 874 2338 adversus
893 2275 1074 2337 Societatem
1089 2273 1283 2355 querimoniae
1293 2320 1301 2351 ,
1323 2293 1392 2353 quae
1407 2292 1485 2334 non-

337 2370 487 2432 nullorum
498 2371 590 2432 etiam
600 2372 771 2453 Principum
780 2373 957 2434 auctoritate
967 2372 1086 2434 munita
1097 2390 1133 2433 ac
1139 2370 1336 2433 relationibus
1344 2371 1386 2432 ad
1392 2371 1482 2432 recol.

337 2466 488 2526 memoria
501 2468 629 2527 Paulum
644 2470 695 2544 IV,
710 2469 798 2530 Pium
816 2471 855 2546 V,
872 2476 905 2530 et
916 2471 1033 2532 Sixtum
1048 2471 1086 2546 V,
1105 2469 1343 2530 Praedecessores
1364 2476 1483 2532 nostros

336 2561 440 2623 delata
451 2561 582 2624 fuerunt.
596 2566 630 2624 ln
643 2564 690 2625 his
701 2564 757 2626 fuit
771 2566 859 2626 clarae
873 2566 1024 2627 memoria
1038 2565 1191 2646 Philippus
1206 2566 1244 2641 Il,
1266 2564 1483 2644 Hispaniarum

337 2660 399 2720 Rex
411 2660 594 2739 catholicus,
609 2661 736 2741 quitum
750 2661 954 2743 gravissimas,
966 2662 1075 2743 quibus
1085 2661 1134 2723 ille
1144 2661 1338 2723 vehementer
1350 2661 1484 2742 impelle

336 2755 424 2817 batur
442 2758 590 2837 rationes,
605 2766 670 2820 tum
684 2759 776 2820 etiarn
790 2777 857 2837 eos,
878 2778 954 2840 quos
967 2761 1005 2822 ab
1017 2759 1232 2840 Hispaniarum
1250 2759 1484 2838 Inquisitoribus

337 2853 479 2914 adversus
489 2853 686 2917 immoderata
697 2854 852 2917 Societatis
864 2854 1032 2937 privilegia,
1046 2875 1081 2917 ac
1092 2855 1244 2935 regiminis
1254 2853 1390 2916 formam
1403 2875 1484 2918 acce

336 2956 422 3031 perat
435 2951 581 3014 clamores
601 2960 633 3013 et
652 2953 878 3015 contentionum
899 2953 999 3034 capita
1023 2973 1041 3014 a
1062 2951 1212 3014 nonnullis
1232 2951 1374 3030 ejusdem
1392 2953 1483 3015 etiam

337 3042 491 3108 Societatis
507 3046 577 3107 viris
591 3045 743 3121 doctrina,
762 3054 792 3109 et
811 3049 922 3130 pietate
935 3047 1159 3129 spectatissimis
1174 3048 1373 3127 confirmata,
1387 3050 1484 3111 eidem

337 3142 419 3203 Sixto
429 3144 468 3202 V.
486 3142 696 3211 Praedecessori
712 3145 888 3224 exponenda
899 3145 1033 3222 curavit,
1044 3144 1126 3225 apud
1136 3144 1340 3225 eumdemque
1349 3147 1415 3226 egit
1425 3193 1433 3224 ,
1451 3154 1484 3208 ut

335 3240 541 3320 Apostolicam
551 3240 705 3302 Societatis
716 3241 917 3302 visitationem
931 3241 1105 3302 decerneret
1112 3287 1121 3318 ‚
1134 3247 1223 3322 atque
1234 3241 1450 3304 committeret.

378 3349 425 3398 19.
443 3337 538 3418 Ipsius
546 3336 674 3417 Philippi
685 3337 773 3417 Regis
785 3337 996 3417 petitionibus,
1010 3343 1040 3399 et
1053 3337 1176 3414 studiis,
1187 3356 1254 3417 quae
1263 3356 1386 3400 summa
1398 3339 1484 3401 inniti

335 3436 472 3516 aequitate
487 3434 751 3512 animadverterat,
765 3435 869 3496 annuit
880 3435 960 3497 idem
972 3436 1072 3498 Sixtus
1082 3435 1297 3513 Praedecessor,
1313 3435 1485 3518 delegitque

337 3534 376 3596 ad
399 3533 563 3615 Apostolici
586 3533 756 3611 Visitatoris
779 3552 889 3595 munus
911 3534 1094 3614 Episcopum
1116 3531 1291 3612 prudentia,
1319 3532 1433 3596 virtute
1454 3542 1484 3595 et

337 3632 473 3693 doctrina
487 3631 626 3692 omnibus
640 3629 981 3706 commendatissimum,
1001 3648 1036 3691 ac
1055 3635 1199 3708 praeterea
1217 3630 1485 3709 congregationem

336 3728 500 3809 designavit
514 3729 724 3791 nonnullorum
741 3730 771 3790 S.
787 3730 824 3789 R.
840 3730 875 3788 E.
896 3726 1114 3805 cardinalium,
1127 3726 1178 3807 qui
1196 3727 1223 3788 ei
1239 3727 1281 3787 rei
1295 3728 1486 3807 perficienda

337 3827 472 3888 sedulam
488 3832 632 3888 navarent
652 3845 786 3908 operam.
800 3827 912 3887 Verum
933 3825 1014 3887 dicto
1033 3824 1116 3887 Sixto
1135 3826 1172 3884 V.
1189 3824 1414 3887 Praedecessore
1431 3826 1486 3886 irn-

338 3930 456 3985 malura
477 3929 572 3984 morte
585 3929 731 4004 praerepto
744 3946 754 4000 ,-
768 3921 998 3984 saluberrimum
1018 3923 1056 3983 ab
1077 3941 1114 3984 eo
1128 3929 1300 4004 susceptum
1321 3925 1485 3985 consilium

213 4012 215 4021 ’
336 4020 472 4098 evanuit,
491 4019 630 4099 omnique
648 4022 744 4082 caruit
757 4021 876 4082 effectu.
899 4020 947 4081 Ad
969 4036 1143 4101 supremum
1165 4027 1264 4081 autem
1285 4021 1486 4100 Apostolatus

339 4118 455 4198 apicem
467 4124 637 4198 assumptus
647 4116 740 4179 felicis
752 4117 965 4180 recordationis
977 4117 1135 4197 Gregorius
1141 4119 1199 4178 PP.
1212 4119 1279 4178 XIV
1290 4136 1429 4198 persnas
1440 4120 1487 4180 lit-

337 4223 417 4277 teras
430 4215 487 4276 sub
505 4214 630 4294 plumbo
652 4227 680 4276 4.
704 4215 763 4276 kal.
783 4215 849 4293 julii
870 4233 948 4276 anno
969 4213 1129 4276 [lominica
1152 4213 1371 4275 lucarnetionis
1395 4227 1484 4276 1591.

338 4311 501 4390 expeditas,
509 4311 665 4373 societatis
677 4312 847 4374 Institutum
859 4311 1040 4392 amplissime
1048 4312 1156 4374 iterum
1167 4311 1345 4391 approbavit
1357 4319 1487 4392 rataque

337 4406 441 4468 haberi
457 4408 562 4484 jussit,
578 4427 614 4469 ac
630 4408 716 4468 firma
733 4408 886 4489 privilegia
899 4427 1092 4488 quacumque
1112 4408 1210 4470 cidem
1224 4408 1365 4470 Societati
1387 4429 1405 4470 a
1424 4410 1487 4470 suis

268 4569 271 4573 ,
338 4497 607 4564 Praedecessoribus
621 4504 744 4582 collata,
755 4510 785 4566 at
797 4503 869 4564 illud
880 4523 938 4584 praa
953 4504 1069 4583 ceteris,
1084 4525 1145 4585 quo
1160 4511 1279 4567 cautum
1291 4503 1405 4583 iuerat,
1422 4513 1488 4567 uta
