3188 5414
239 519 288 568 m
668 506 870 560 ctrztlnltlls
889 506 952 557 xlv

237 621 268 679 in
285 615 451 697 apostolica
466 612 674 674 benedictione
683 658 691 688 ,
706 629 798 691 quam
818 610 884 686 tibi,
899 609 1007 670 dilecto
1023 608 1076 685 fili,
1095 625 1130 668 ac
1153 607 1199 668 isti
1215 607 1391 670 Academia¹

237 723 342 776 vestra*
352 759 360 792 ,
369 714 455 792 cujus
469 712 634 792 plurimum
648 710 796 771 rationem
806 708 965 786 babemus,
976 711 1167 788 peramanter
1179 704 1389 786 impertimur.
1486 767 1489 776 ,

238 815 348 872 Datum
369 811 483 879 noma,
507 816 577 878 etc„
604 808 654 868 dte
671 817 705 867 17
722 809 841 884 arquata·
862 815 933 865 1771
937 848 949 886 ,
967 807 1159 883 pontificatus
1181 809 1283 865 nostri
1305 823 1392 865 auno

233 915 333 971 tertio.

717 988 894 1004 ——ss-

735 1104 852 1210 ‘cur

635 1236 828 1304 vesanarum
852 1260 967 1303 ruenni

434 1370 601 1429 JOS'EPHO
622 1369 881 1429 PATRIARCHAE
902 1362 1180 1427 CHALDAEORUM

539 1493 774 1569 CLEMENS
800 1493 929 1568 PAPA
957 1488 1063 1565 XIV.

978 1645 1070 1697 Romae.
1084 1644 1112 1690 at
1123 1640 1218 1701 augusti
1234 1643 1303 1691 1771,

239 1791 242 1797 .
274 1743 471 1814 remotae,
480 1750 538 1805 etc.
548 1741 828 1824 Tungratulationis
838 1739 939 1803 ollicia
951 1739 1034 1801 luere
1044 1739 1136 1800 Nobis
1144 1737 1381 1816 jucundissima,

228 1840 415 1921 Venerabilis
429 1843 543 1916 Frater,
564 1861 633 1902 cum
648 1841 757 1903 exinde
771 1840 906 1903 animum
920 1846 1007 1901 tuum
1023 1836 1188 1899 Nobiscum
1207 1835 1237 1896 in
1255 1835 1382 1917 spiritus

228 1937 341 2005 unitate
355 1939 550 2017 conjunctum
561 1940 679 2019 egregio
691 1940 720 2001 in
735 1939 900 2000 Ecclesiam
911 1934 1011 1997 studio
1023 1941 1113 2016 atque
1125 1933 1156 1993 in
1171 1934 1381 2013 Apostolicam

230 2034 468 2115 Sedempietatis
480 2053 516 2096 ac
528 2035 724 2097 observantiae
736 2054 825 2096 sensu
836 2033 914 2096 allici
924 2032 1090 2094 videamus.
1106 2030 1166 2091 Nos
1176 2029 1302 2111 quidem
1313 2050 1382 2111 gra-

226 2132 384 2193 vissimum
402 2132 503 2193 subire
517 2133 632 2194 Summi
648 2133 841 2195 pontificatus
861 2149 938 2194 onus
951 2129 1005 2191 etsi
1025 2130 1173 2208 impares,
1191 2130 1254 2188 Deo
1275 2135 1380 2190 tamen

226 2228 343 2288 volente
358 2246 418 2288 non
433 2228 675 2305 detrectavimus,
688 2231 717 2290 in
729 2248 800 2290 eum
816 2227 1009 2306 conjicientes
1023 2244 1091 2307 spes
1100 2233 1219 2287 nostras
1233 2226 1378 2288 assiduis·

225 2342 284 2402 que
300 2323 439 2402 precibus
457 2324 556 2403 ipsum
571 2325 780 2401 obsecrantes,
802 2330 836 2385 ut
846 2324 897 2385 det
907 2324 999 2385 Nobis
1014 2323 1132 2384 sedium
1146 2341 1272 2384 suarum
1285 2324 1379 2387 assis-

225 2420 331 2480 tricem
354 2419 546 2499 sapientiam,
568 2440 633 2500 quae
647 2422 809 2483 Nobiscum
823 2422 875 2496 sit,
892 2440 927 2484 ac
944 2439 1000 2500 pro
1021 2439 1075 2481 sua
1093 2420 1227 2481 Ecclesia
1245 2421 1378 2500 regenda

225 2516 395 2596 tuendaque
417 2518 581 2579 Nobiscum
603 2519 729 2580 laboret.
746 2522 809 2595 Qua
831 2538 902 2581 sane
922 2519 952 2580 in
970 2518 1080 2581 liducia
1101 2537 1137 2580 eo
1158 2518 1378 2580 confirmamur

225 2613 336 2690 magiS,
357 2631 418 2692 quo
431 2614 518 2694 plura
532 2613 665 2677 fidelium
677 2623 747 2677 vota
768 2634 823 2695 pro
838 2614 931 2677 Nobis
946 2612 984 2676 ad
1000 2617 1097 2676 Deum
1114 2614 1198 2676 lundi
1213 2619 1378 2696 cognosci-

225 2728 303 2770 mus.
320 2710 351 2771 ld
366 2728 437 2771 cum
446 2717 479 2771 tu
492 2711 601 2788 etiam,
614 2711 799 2773 Venerabilis
811 2714 925 2787 Frater,
941 2730 1011 2772 cum
1022 2712 1185 2773 commisso
1194 2712 1249 2773 tibi
1260 2714 1376 2794 populo

223 2808 271 2886 pie
286 2808 477 2888 studioseque
491 2808 676 2888 prestiteris,
691 2827 727 2868 ac
742 2815 882 2888 praestare
901 2826 957 2888 pro
974 2813 1027 2867 tua
1040 2807 1182 2887 religione
1199 2826 1262 2869 non
1277 2809 1377 2872 inter-

224 2905 342 2980 mittas,
363 2905 530 2981 maximum
549 2904 608 2968 hoo
623 2904 761 2980 exhibes,
777 2904 929 2983 Nobisque
950 2903 1241 2984 opportunissimum
1260 2911 1320 2966 tuae
1343 2907 1376 2968 in

223 3003 282 3062 Nos
300 3001 467 3064 devotionis
481 3007 708 3083 argumentum,
727 3020 789 3082 quo
809 3007 919 3062 nostrae
931 2998 969 3061 de
990 3007 1043 3062 tuo
1064 2999 1168 3078 isthic,
1189 3009 1377 3085 tuorumque

222 3106 302 3160 statu
322 3107 454 3180 paterne
469 3100 660 3162 sollicitudini
673 3099 850 3182 respondes,
865 3098 1071 3180 majoremque
1086 3098 1116 3159 in
1133 3098 1260 3161 modum
1280 3118 1375 3180 auges

223 3202 356 3255 nostram
367 3214 438 3275 erga
451 3203 481 3256 te
496 3187 750 3272 benevolentiam,
769 3196 855 3273 quus
868 3194 920 3255 tibi
933 3193 1048 3255 fructus
1059 3193 1269 3274 paratissimos
1287 3214 1374 3258 sem-

222 3309 275 3369 per
289 3290 320 3350 in
337 3291 430 3352 Nobis
452 3310 508 3374 pro
530 3290 754 3375 opportunitate
772 3309 809 3350 ac
823 3289 965 3351 facultate
979 3294 1081 3352 nostra
1094 3287 1212 3351 luturos
1225 3298 1260 3352 ut
1274 3294 1375 3374 magis

222 3387 275 3448 tibi
290 3388 487 3468 persuadeas,
503 3387 700 3468 apostolicam
720 3386 960 3448 benedictionem
974 3385 1039 3463 tibi,
1053 3386 1240 3452 Venerabilis
1252 3390 1374 3466 Frater,

221 3505 256 3546 ac
278 3484 418 3547 omnibus
439 3485 508 3547 fidei
532 3492 588 3547 tuae
610 3484 789 3548 concreditis
812 3484 931 3565 populis
953 3491 1144 3566 peramanter
1166 3485 1372 3567 impertimur.

221 3587 332 3648 Datum
340 3586 526 3661 Rammetc,
536 3586 585 3667 die
596 3594 632 3644 74
642 3589 762 3663 aequari
773 3594 860 3659 1771,
869 3586 1166 3662 pontificatasncstri
1175 3604 1254 3646 cauo
1265 3592 1370 3648 tertio.

700 3699 876 3710 ———-———

728 3807 835 3875 mlv.

479 3962 646 4003 0111118111Μο
669 3962 702 4001 llt
727 3960 856 4003 cunlsro
879 3961 965 4005 mlo
988 3963 1105 4006 nosnno

325 4066 520 4128 nunovroo
540 4056 782 4128 rumconnu
802 4068 896 4128 asor
917 4068 1257 4132 cnarsrnmssuuo

526 4179 760 4259 CLEMENS
787 4182 917 4259 ΡΑΡΑ
944 4185 1051 4262 XlV.

972 4341 1063 4398 Romae,
1077 4344 1106 4389 111
1123 4341 1217 4400 augusti
1233 4343 1303 4391 1771.
1363 4366 1366 4371 -

258 4425 437 4498 Carissimis,
457 4436 514 4490 etc.
542 4429 730 4510 Quamquam
744 4433 835 4496 Nobis
860 4436 1121 4516 perspectissimus
1139 4445 1205 4499 erat
1228 4440 1372 4520 egregius

177 4552 182 4562 ·
217 4519 413 4623 animusque
423 4526 634 4604 MajestasTua
646 4536 723 4590 esset
735 4531 1124 4611 excepturaordinisSancti
1137 4533 1205 4595 Ruti
1218 4535 1371 4602 unionem
