3188 5414
234 524 286 575 rao
596 494 598 499 ’
663 514 866 571 cernemus
881 515 946 569 xrv

234 623 379 688 tuendam
391 623 522 685 maxime
536 626 687 703 spectaul3
709 620 758 681 cui
769 638 862 705 quam
881 618 942 681 vim
954 618 1151 681 serationem
1165 620 1265 683 inesse
1279 621 1390 685 intelli·

229 742 353 803 gamus‚
368 721 456 784 facile
471 725 559 801 potes
570 723 600 780 et
617 736 653 780 ex
669 716 829 798 Euryclica
841 721 944 777 nostra
956 715 1022 795 jam
1038 715 1157 796 pridem
1171 716 1212 778 ad
1223 717 1389 800 episcopos

228 818 312 897 date,
331 825 362 880 et
380 838 419 880 er
438 817 504 898 ipso
517 815 577 876 hoc
590 812 701 876 nuncio
720 830 783 875 non
804 817 868 873 tam
883 829 1082 890 cognoscere,
1101 829 1174 874 cum
1187 811 1218 873 id
1240 813 1389 896 tibi-per·

229 922 366 996 spectum
383 932 447 977 esse
471 912 591 988 debeat,
604 928 697 991 quam
717 908 814 988 magis
827 907 982 989 magisque
994 908 1180 971 confirmari.
1192 910 1288 984 Quod
1308 912 1385 990 tibi,

227 1012 412 1076 Venerabilis
430 1015 546 1086 Frster,
558 1027 614 1089 pro
625 1014 678 1069 tuo
690 1013 720 1068 et
733 1006 764 1068 in
780 1005 924 1083 Ecclesia,
934 1013 964 1068 et
978 1006 1011 1067 in
1025 1005 1084 1068 ista
1096 1006 1203 1068 inclita
1214 1009 1387 1088 Republica

227 1127 351 1172 munere
372 1115 402 1181 et
421 1107 567 1188 dignitate
592 1110 713 1185 gratum
737 1122 802 1165 esse
826 1102 932 1181 debet,
955 1110 1068 1184 tuaque
1090 1104 1195 1166 omnia
1219 1106 1327 1168 studia
1344 1107 1386 1168 ad

227 1225 351 1287 operam
369 1207 439 1268 illuc
464 1212 550 1267 tuam
574 1203 723 1286 praecipue
747 1200 961 1263 conferendam
981 1199 1185 1263 inflammare,
1210 1202 1266 1263 Ille
1289 1221 1386 1282 porro

227 1301 376 1381 ejusmodi
388 1302 432 1363 vir
442 1308 500 1378 est,
515 1299 564 1362 cui
577 1298 616 1361 ad
626 1297 743 1380 generis
758 1297 946 1360 nobilitatem
957 1298 1125 1360 maximum
1139 1298 1239 1360 decus
1255 1317 1296 1360 ex
1310 1319 1385 1362 om-

226 1397 333 1478 nigena
350 1397 486 1460 doctrina
505 1416 541 1458 ao
557 1396 666 1458 virtute
687 1395 870 1475 adjungitur,
889 1413 1040 1475 quemque
1061 1395 1123 1456 Nos
1135 1402 1303 1475 propterea
1322 1415 1381 1459 suo

226 1493 334 1554 merito
357 1511 475 1574 semper
487 1491 657 1555 dileximus.
673 1495 802 1553 Demum
819 1491 851 1551 in
865 1490 1021 1570 singularis
1032 1497 1143 1572 nostre
1160 1491 1383 1556 benevolentias

226 1591 334 1672 pignus
342 1589 540 1673 apostolicam
550 1587 986 1652 benedictionemFraternilati
997 1593 1055 1650 tua
1063 1595 1259 1669 peramanter
1269 1589 1386 1671 imper·
1457 1627 1472 1650 -,

226 1690 329 1753 timur.
347 1694 459 1752 Datum
478 1693 591 1761 nome,
610 1697 679 1760 ete„
692 1688 741 1749 die
763 1699 798 1748 15
822 1688 930 1765 aprilis
948 1696 1038 1762 tria,
1065 1688 1386 1764 perincolumem

227 1806 308 1848 anno
326 1791 425 1850 tertio.
952 1824 956 1828 <

242 1965 245 1970 ,
261 1909 365 1968 Eodem
377 1909 528 1982 Exemplo;
546 1907 755 1982 Archiepiscopo
769 1907 958 1980 Leopoliens13
971 1907 1105 1992 Episcopo
1115 1905 1289 1978 Chlovicnsi3
1307 1910 1384 1983 Epis·

126 2013 128 2018 ’
226 2015 296 2073 copo
314 1998 491 2058 cracoviensi.

710 2120 894 2136 ψ

729 2232 882 2306 CXCVII.

628 2392 822 2434 venenantur
845 2392 960 2435 enlin!

232 2586 236 2592 Ι
361 2554 366 2567 ,
412 2497 618 2559 sententio
638 2495 942 2557 Ancnlnelscoeo
963 2494 1184 2566 Klolettsl‚

289 2612 509 2663 narremusr
535 2614 579 2661 ar
603 2612 788 2661 raocnns1
810 2612 944 2660 somus
966 2611 1109 2662 nussne
1130 2610 1310 2674 Ριιιιιιιι,

516 2716 770 2795 'CLEMENS
794 2718 925 2796 PAPA
952 2716 1059 2807 XIV.

914 2897 918 2902 -
983 2870 1078 2927 Rome,
1097 2873 1125 2916 rt
1136 2865 1220 2928 aprilis
1238 2870 1309 2918 tin.

266 2965 462 3038 Venerabilis,
475 2974 532 3030 etc.
547 2966 595 3028 Ad
614 2965 805 3029 carissimum
818 2965 850 3027 in
861 2963 977 3026 Christo
991 2961 1088 3025 lilium
1101 2967 1246 3024 nostrum
1260 2963 1382 3026 Stauis

219 3065 302 3126 laum
318 3066 489 3146 Augustum
504 3065 634 3128 Poloniae
649 3068 761 3146 Regem
777 3066 926 3127 illustrem
936 3089 950 3140 ‚·
965 3061 1063 3126 acad
1085 3066 1220 3123 vestram
1233 3061 1381 3124 inclitam

218 3161 436 3240 rempublicam
459 3161 607 3223 mittimus
625 3161 835 3224 venerabilem
860 3163 998 3222 Fratrem
1019 3159 1186 3240 losephum
1209 3159 1376 3240 archiepis-

219 3275 331 3337 copum
339 3257 450 3338 Beryti,
466 3257 518 3338 qui
532 3257 673 3319 ordinarii
687 3257 797 3331 nostri,
810 3262 841 3318 et
852 3256 1029 3338 Apostolicae
1042 3255 1126 3318 Sedis
1140 3255 1242 3318 nuncii
1259 3272 1375 3319 munus
1452 3258 1457 3268 ‘

135 3401 142 3419 .
219 3353 308 3416 isthic
328 3354 427 3415 obeat.
448 3354 580 3416 Maxima
600 3355 630 3417 in
644 3374 698 3431 eo,
722 3361 824 3436 prater
845 3355 963 3435 generis
990 3352 1203 3435 splendorem,
1224 3352 1375 3417 virtutum

190 3514 193 3521 ,
217 3455 395 3512 ornamenta
419 3455 498 3526 sunt,
524 3468 561 3511 ac
581 3450 619 3512 ad
639 3436 820 3531 singularem
837 3451 1008 3514 doctrinam
1021 3458 1052 3514 et
1069 3451 1266 3532 prudentiam
1283 3450 1376 3512 miri-

218 3545 309 3607 ficum
327 3544 446 3625 pietatis
466 3564 503 3607 ac
520 3545 670 3626 religionis
694 3547 828 3611 studium
850 3549 1034 3630 adjungitur.
1054 3548 1177 3612 Minime
1199 3538 1295 3630 igitur
1309 3567 1377 3612 am-

218 3641 318 3721 bigere
337 3657 515 3720 possumus,
538 3641 610 3722 quin
629 3641 689 3704 hac
707 3643 857 3724 precipuo
876 3643 916 3705 do
936 3662 1031 3707 causa
1051 3643 1375 3711 commendatissimus

217 3739 296 3800 idem
311 3737 365 3799 tibi
379 3736 427 3815 sil,
446 3738 497 3819 qui
519 3758 575 3822 prc
597 3740 759 3821 episcopali
772 3739 872 3803 officio
892 3759 997 3804 omnes
1015 3742 1150 3803 actiones
1167 3748 1239 3804 tuas
1259 3743 1301 3804 ad
1321 3743 1372 3805 di-

216 3836 318 3898 vinam
328 3833 467 3917 gloriam,
480 3836 519 3898 ad
537 3837 717 3899 catholicam
730 3837 843 3899 scilicet
857 3837 948 3899 fidem
956 3837 1016 3899 hoc
1025 3844 1164 3917 tempore
1175 3836 1376 3918 potissimum

216 3933 352 3997 conterre
363 3933 491 4012 debeas3
502 3935 598 4013 cujus,
608 3953 685 4017 qua,
701 3936 865 4016 qualesque
876 3935 1007 3998 rationes
1016 3937 1086 4013 sint,
1101 3941 1132 3997 et
1145 3936 1207 3998 Nos
1219 3935 1253 3997 in
1264 3942 1374 4000 nostra

216 4030 349 4112 Epistola
360 4029 521 4112 Encyclica
534 4032 600 4108 jam
619 4032 736 4112 pridem
752 4032 986 4112 declaravimus,
1000 4040 1030 4095 et
1047 4033 1216 4096 noster-hic
1235 4036 1374 4099 nuncius

217 4127 309 4207 idem,
318 4136 352 4191 ut
361 4136 516 4211 putamus,
530 4127 584 4188 tibi
596 4129 752 4192 nobiscum
764 4129 902 4192 sentienti
914 4136 1020 4193 nostro
1028 4131 1154 4193 nomine
1162 4130 1372 4196 confirmabit.

216 4229 320 4307 ltaque
332 4233 363 4289 et
382 4225 563 4292 confidimus
574 4226 638 4289 lore
655 4235 687 4292 ct
699 4230 848 4308 majorem
866 4228 897 4289 in
913 4228 1040 4290 modum
1050 4229 1373 4311 atiamatapetimns,

217 4329 251 4382 ut
266 4329 352 4384 tuam
363 4342 469 4406 opem,
486 4321 720 4406 atqueoperam'
727 4325 800 4407 ipsi,
815 4325 1067 4407 quotiescumque
1081 4344 1131 4389 res
1143 4326 1221 4389 feret
1233 4327 1372 4407 paratis·

216 4418 325 4480 simam
337 4438 403 4482 esse
418 4420 500 4499 velis,
513 4429 767 4505 peragentemque
778 4421 922 4485 mandata
937 4429 1041 4490 nostra
1053 4422 1212 4503 diligenter
1228 4423 1370 4504 micres,

107 4601 109 4605 Α
217 4514 283 4595 q'ure
299 4513 368 4577 illuc
380 4516 466 4579 unice
478 4525 630 4600 spectant,
643 4527 677 4581 ut
696 4517 840 4590 incolumi
854 4517 996 4598 religione
1015 4519 1159 4600 pristinus
1179 4518 1210 4580 in
1233 4518 1373 4585 inem
