3188 5414
477 491 657 586 El‘lSTOLAE
676 533 720 585 ET
739 533 868 587 BllEVlA
889 533 1124 590 subactione.
1199 578 1201 581 .
1324 543 1376 594 tls

229 635 311 698 dare.
330 635 364 696 ld
375 653 428 696 vos
442 636 533 696 etiem
548 642 681 715 paternae
696 635 815 716 pietatis
828 636 963 699 officium
978 638 1128 712 marimo,
1140 657 1201 717 quo
1217 657 1378 718 possumus

230 734 286 817 ipsi
308 732 407 795 studio
427 733 643 813 persolvimus,
656 750 806 813 quemque
827 733 937 794 eximia
949 733 1076 795 caritate
1094 735 1246 814 prosecuti
1262 753 1379 816 semper

229 848 350 906 sumus,
367 828 465 890 eidem
476 829 587 892 nostris
601 829 858 892 obsecrationibus
873 829 1030 910 suffragari
1044 848 1211 910 numquam
1230 830 1380 896 intermit-

230 935 339 988 temus.
371 929 466 988 Deum
493 926 594 1006 itaque
621 924 800 1007 precantes,
825 927 932 1007 utqui
960 935 991 989 te
1011 927 1203 993 tribulatione
1235 927 1380 1004 visitarit,

226 1023 314 1084 omni
326 1023 420 1086 etiam
430 1023 610 1103 suispiritus
619 1022 822 1087 consolatione
839 1024 963 1103 repleat.
978 1027 1183 1105 Apostolicam
1192 1026 1380 1090 benedictio-

230 1137 301 1181 nem
312 1120 366 1181 tibi
371 1120 581 1196 ‚dilectissima
589 1120 619 1180 in
634 1118 751 1181 Christo
759 1118 820 1182 filia
831 1126 945 1198 nostra,
959 1121 990 1182 in
1002 1122 1118 1185 eximia
1129 1129 1241 1186 nostra.
1248 1125 1380 1187 caritatis

226 1217 357 1298 pignus,
370 1217 489 1297 tuisque
498 1217 530 1278 in
543 1217 660 1278 Christo
676 1217 842 1279 carmelitis
859 1217 1011 1280 sororibus
1024 1220 1228 1282 amantissime
1242 1220 1380 1301 imperti-

226 1331 310 1373 mur.
329 1314 560 1384 Datamltomoe,
570 1313 653 1391 cpttd
659 1314 801 1375 Sanctam
810 1316 939 1375 Monam
952 1317 1109 1393 timorem,
1120 1318 1174 1378 snb
1180 1319 1302 1379 Annulo
1313 1319 1379 1378 Pis-

232 1415 352 1480 cctoris,
365 1412 416 1498 cite
427 1423 444 1471 4
453 1414 540 1486 junii
560 1420 630 1473 titt
641 1455 649 1486 ‚
660 1414 855 1489 pontificatus
864 1419 959 1474 nostri
966 1433 1048 1476 canc
1063 1425 1156 1478 sexto.

714 1636 907 1708 cccxxvi.

568 1794 767 1837 sanctisslau
787 1795 906 1861 DOlssNl
930 1796 1042 1838 nosual

318 1898 554 1971 annuamus
577 1900 725 1971 civim
751 1901 1034 1972 raounnrnn
1062 1900 1185 1972 rnrn
1210 1903 1284 1972 mv

639 2038 963 2138 ALLOCUTIO‚
1278 2023 1281 2030 ’

288 2184 406 2232 anulus
426 2185 460 2232 ln
480 2183 685 2233 constsronlo
704 2183 856 2242 SEGRETO,
879 2184 934 2231 DIE
953 2183 988 2253 Vl
1008 2183 1094 2232 JUNll
1114 2183 1312 2233 mdcccxxlv.

269 2297 457 2359 Venercbtlcs
476 2296 599 2376 fratres.
618 2298 690 2372 Qua
713 2296 806 2358 Nobis
830 2295 915 2373 vivo,
940 2303 1031 2377 atque
1055 2297 1197 2359 incolumi
1219 2298 1374 2361 carissimo

225 2393 256 2454 in
275 2393 391 2455 Christo
405 2393 468 2454 filio
478 2399 583 2454 nostro
592 2392 743 2454 ludovico
753 2392 917 2453 Galliarum
930 2410 1000 2473 rege
1018 2391 1269 2458 christianissimo
1280 2398 1374 2458 maxi:

223 2509 307 2551 mum
311 2489 507 2569 jucunditatis
519 2488 663 2566 fructum,
675 2505 710 2549 ac
721 2486 951 2550 sollicitudinem
961 2494 1134 2550 nostrarum
1146 2489 1253 2552 solatia
1268 2491 1374 2553 altere·

224 2590 459 2672 bant‚nimirum
465 2589 585 2669 egregia
597 2588 675 2651 illius
682 2589 712 2649 in
719 2588 885 2650 Ecclesiam
899 2588 1039 2648 voluntas
1056 2593 1086 2648 et
1100 2589 1197 2649 mutui
1207 2588 1371 2651 Nobiscum

223 2689 333 2750 amoris
348 2686 805 2765 nenecessitudinisconjunctio,
817 2702 898 2746 nunc
908 2683 1028 2761 eadem,
1039 2686 1231 2748 Venerabiles
1241 2689 1370 2766 Fratres,

222 2785 272 2846 illo
285 2785 452 2865 gravissimi
463 2784 494 2844 vi
505 2783 603 2843 morbi
613 2781 745 2843 extincto
754 2780 864 2841 summi
875 2780 970 2841 nostri
979 2781 1078 2840 luctus
1092 2798 1128 2840 ac
1142 2781 1255 2844 doloris
1263 2802 1370 2846 causas

221 2890 341 2962 augent.
358 2883 504 2962 Quodque
526 2878 691 2941 incredibili
705 2894 833 2938 moerore
848 2878 909 2936 Nos
934 2875 1046 2950 afficit,
1066 2877 1164 2939 orbati
1191 2879 1242 2940 illo
1265 2873 1372 2942 sumus

220 2979 328 3041 eodem
344 2981 433 3062 plano
456 2986 610 3058 tempore,
637 2980 699 3058 quo
721 2977 786 3054 ejus
812 2973 940 3054 insignia
967 2972 1131 3054 equitatis,
1155 2975 1371 3054 magnitudinis

221 3075 312 3138 animi
321 3060 355 3137 'in
368 3077 430 3137 Nos
443 3079 533 3155 atque
544 3071 750 3155 Apostolicam
763 3071 843 3132 hanc
851 3071 960 3132 Sedem
973 3071 1095 3152 pietatis
1109 3070 1279 3134 testimonia
1292 3074 1371 3135 erti-

221 3178 333 3235 terunt.
349 3175 395 3235 lta
410 3191 476 3254 qim
492 3171 531 3232 sd
549 3171 649 3252 ipsum
667 3167 873 3248 diligendum,
888 3175 980 3249 atque
993 3167 1135 3230 omnibus
1148 3174 1281 3250 patema
1297 3189 1371 3250 gra-

220 3270 406 3354 vissimaeque
419 3270 582 3334 voluntatis
591 3267 698 3334 ciliciis
711 3267 956 3349 prosequendum
967 3267 1067 3328 valere
1077 3266 1242 3348 plurimum
1255 3267 1370 3332 debue-

219 3378 300 3447 runt‚
314 3372 365 3432 illa
381 3370 582 3452 potissimum
595 3369 633 3432 ad
653 3372 790 3430 nostrum
810 3365 947 3428 dolorem
970 3365 1186 3428 cumulandum
1210 3368 1367 3430 accedunt.

219 3469 331 3528 Verum
350 3466 441 3527 divini
455 3467 572 3529 consilii
580 3466 713 3528 rationes
728 3482 919 3541 veneramur,
932 3481 968 3525 ac
984 3483 1002 3525 a
1016 3482 1136 3527 summo
1152 3482 1255 3528 rerum
1266 3468 1374 3530 blodo.

219 3570 335 3640 rstcre,
349 3563 379 3625 in
393 3565 480 3643 cujus
493 3583 585 3625 manu
605 3570 699 3625 sortes
718 3581 825 3642 regam
839 3569 908 3623 sunt
918 3607 926 3638 ,
947 3563 1050 3623 omnia
1074 3561 1113 3623 ad
1135 3580 1221 3624 suam
1240 3564 1367 3642 gloriam

219 3661 324 3740 dirigi,
341 3660 414 3721 etin
433 3661 589 3723 altitudine
603 3660 778 3723 diviliarum
789 3661 945 3740 sapientis·
958 3680 1017 3722 sua
1028 3661 1145 3742 disponi
1164 3665 1364 3743 agnoscimus.

220 3759 300 3820 lllius
320 3758 475 3820 voluntate
497 3758 591 3820 nostri
609 3758 708 3820 luctus
731 3745 926 3820 acerbitatem
946 3758 1130 3838 mitigamus.
1155 3762 1271 3823 Nostrae
1289 3780 1367 3824 verae

219 3857 355 3918 utilitatis
374 3856 462 3918 illum
481 3872 575 3916 unum
599 3861 754 3917 auctorem
767 3874 832 3917 esse
848 3854 1053 3934 intelligimus.
1074 3858 1135 3918 Nos
1147 3858 1272 3938 quidem
1295 3877 1365 3924 oum

217 3953 348 4033 primum
361 3952 399 4015 de
412 3950 490 4032 regis
503 3950 571 4012 vitai
584 3949 756 4013 discrimine
769 3950 807 4013 sd
820 3953 881 4012 Nos
895 3957 975 4012 esset
986 3952 1111 4014 allatum
1131 3955 1282 4035 extemplo
1292 3973 1367 4036 pre·

217 4067 267 4111 ces
281 4050 319 4111 ad
337 4052 433 4111 Deum
456 4053 574 4110 nostras
589 4066 650 4109 una
663 4048 820 4110 vobiscum
834 4065 953 4109 summo
977 4048 1147 4111 animorum
1168 4050 1275 4112 ardore
1289 4070 1366 4115 cou-

217 4146 370 4208 vertimus.
393 4148 468 4208 Cum
486 4132 597 4207 nostris
615 4149 702 4206 erant
717 4146 885 4225 conjuncta
902 4144 1047 4208 universa
1064 4147 1164 4208 Gallie
1177 4148 1365 4212 obsecratio-

216 4262 285 4321 nes,
302 4250 332 4304 et
344 4243 507 4324 prasertim
521 4241 779 4304 christianissima
796 4246 920 4320 Domus,
934 4262 969 4305 ac
987 4245 1096 4325 quibus
1111 4244 1240 4307 maxime
1251 4247 1365 4310 niteba-

215 4340 731 4420 mur,dilectissimaeinChristofilie
743 4347 850 4404 nostrae
859 4343 1186 4424 Alcysiaeltlariaeinillo
1198 4345 1363 4408 sanctitatis

215 4437 367 4503 domicilio
397 4456 453 4518 pro
481 4439 687 4502 amantissimo
716 4446 841 4520 parente
871 4439 980 4501 assidui
1005 4441 1133 4520 gemitus
1156 4457 1191 4501 ac
1209 4441 1359 4523 lacryma.

215 4537 336 4600 Minime
348 4536 446 4597 irritas
471 4543 559 4616 atque
574 4536 677 4598 inanes
692 4536 784 4598 luisse
797 4537 852 4598 has
866 4544 1001 4600 nostrum
1015 4539 1149 4599 omnium
1165 4527 1361 4619 flagitationes
