3188 5414
307 514 360 565 ⁴02
739 509 942 567 cummunis
962 512 1025 565 xlv

305 613 443 693 gloriari,
458 615 489 674 et
501 613 663 676 mendaces
677 631 742 676 esse
757 613 898 676 adversus
910 614 1077 676 veritatem.
1095 615 1161 677 Non
1176 619 1223 674 est
1241 612 1324 674 enim
1337 611 1391 676 ista
1399 631 1443 693 sa7
1474 629 1479 648 ¹

306 711 419 792 pientia
435 712 595 774 desursum
607 711 807 789 descendens;
826 711 879 774 sed
890 719 1028 789 terrena,
1040 709 1194 786 animalis,
1211 709 1376 771 diabolica.
1396 709 1441 771 Ubi
1496 700 1499 708 ’

306 811 387 871 enim
406 810 505 885 zelus,
521 815 552 871 et
567 808 738 886 contentio,
753 809 795 870 ibi
817 809 1034 885 inconstantia,
1055 815 1086 870 et
1106 825 1196 869 omne
1216 825 1295 888 opus
1319 825 1441 886 pravum.

306 909 375 980 Qua
385 914 486 968 autem
492 906 653 970 desursum
664 914 710 970 est
719 908 875 988 sapientia,
888 908 1020 988 primum
1029 905 1153 987 quidem
1162 903 1274 989 pudica
1283 911 1342 980 est,
1352 903 1444 967 deinde

306 1003 448 1085 pacitica,
463 1002 615 1083 modesta,
630 1005 801 1083 suadibilis,
811 1005 899 1066 bonis
913 1003 1120 1080 consentiens,
1130 1002 1219 1084 plena
1229 1001 1443 1076 misericordia,

303 1107 336 1161 et
349 1088 495 1163 fructibus
504 1101 607 1179 bonis,
617 1120 679 1165 non
688 1102 844 1181 judicans,
858 1101 922 1162 sine
931 1100 1132 1165 emulatione.
1145 1102 1276 1162 Fructus
1285 1108 1387 1163 autem
1393 1103 1447 1178 jus

306 1197 376 1260 titire
391 1198 422 1260 in
434 1217 508 1278 pace
519 1199 685 1262 seminatur
694 1199 872 1263 facientibus
884 1218 1002 1278 paoem.
1016 1220 1032 1256 o

347 1307 396 1358 38.
416 1298 579 1359 Praesentes
591 1315 713 1378 quoque
723 1297 838 1358 litteras
849 1296 942 1358 etiam
954 1314 991 1356 ex
1005 1313 1042 1356 eo
1054 1293 1137 1373 quod
1151 1294 1349 1374 Superiores,
1363 1297 1392 1354 et
1406 1294 1449 1354 alii

304 1393 433 1474 religiosi
446 1393 608 1474 sepedicta
621 1393 795 1471 societatis,
810 1401 840 1455 et
852 1393 943 1474 ceteri
954 1392 1137 1473 quicumque
1150 1390 1182 1451 in
1200 1391 1366 1471 premissis
1384 1391 1451 1451 inte

305 1508 386 1552 resse
399 1490 561 1567 babentes,
581 1509 634 1553 seu
645 1490 758 1553 habere
769 1489 997 1570 quomodolibet
1007 1487 1228 1570 praetendentes
1240 1487 1299 1551 illis
1314 1507 1375 1551 non
1388 1507 1451 1549 con·

306 1588 466 1665 senserint,
480 1606 535 1652 neo
550 1587 589 1650 ad
598 1606 634 1650 ea
651 1586 767 1664 vocati,
781 1594 811 1649 et
828 1585 921 1647 auditi
932 1586 1043 1648 fuerint
1053 1631 1062 1663 ,
1072 1586 1156 1648 nullo
1168 1603 1308 1666 unquam
1321 1594 1452 1667 tempore

305 1686 344 1748 de
358 1685 574 1766 subreptionis,
587 1684 788 1765 obreptionis,
799 1684 958 1760 nullitatis,
977 1692 1029 1747 aut
1038 1683 1230 1749 invaliditatis
1243 1684 1338 1761 sitio,
1352 1702 1404 1745 seu
1415 1685 1453 1744 in·

304 1781 445 1844 tentionis
456 1789 581 1859 nostra,
597 1789 650 1849 aut
661 1782 720 1847 alio
739 1783 844 1862 quovis
862 1781 983 1843 defectu
1004 1781 1097 1842 etiam
1109 1780 1308 1862 quantumvis
1331 1799 1452 1859 magno,

305 1878 523 1957 inexcogitata,
538 1886 568 1939 et
578 1877 782 1954 substantiali,
796 1878 856 1938 sive
871 1877 1015 1939 etiamen
1032 1896 1069 1938 eo
1080 1876 1163 1959 quod
1176 1877 1207 1938 in
1225 1878 1392 1958 premissis
1406 1897 1455 1938 seu

304 1991 410 2037 eorum
425 1975 524 2055 aliquo
542 1975 767 2051 solemnitates,
787 1981 818 2036 et
837 1974 948 2057 quevis
962 1969 1024 2036 alia'
1040 1973 1201 2052 servanda,
1214 1982 1245 2037 et
1263 1974 1457 2056 adimplenda

307 2080 424 2134 servata
434 2090 496 2134 non
510 2072 621 2140 fuerint
629 2097 637 2150 3
654 2079 705 2135 eut
714 2091 750 2134 ex
764 2074 956 2155 quocumque
971 2072 1029 2133 alio
1041 2072 1140 2153 capite
1156 2072 1254 2150 ajune
1268 2073 1317 2135 vel
1332 2091 1457 2134 consue

305 2171 408 2234 tudine
423 2172 523 2253 aliqua
533 2172 697 2235 resultante
705 2172 797 2233 etiam
808 2171 839 2231 in
849 2188 975 2251 corpore
984 2170 1060 2248 juris
1070 2170 1173 2233 clauso
1183 2215 1192 2247 ,
1204 2189 1260 2232 seu
1267 2170 1365 2232 etiam
1375 2189 1459 2232 enor-

306 2267 381 2343 mis,
393 2268 624 2346 enormisstme,
636 2275 666 2331 et
677 2269 778 2329 totalis
791 2267 937 2345 lesionis,
953 2273 983 2328 et
997 2265 1102 2346 quovis
1115 2265 1174 2328 alio
1187 2271 1336 2346 pretextu
1344 2310 1353 2341 ,
1373 2285 1459 2327 occa·

305 2362 402 2440 sione,
417 2364 465 2424 vel
479 2382 571 2427 causa
581 2409 589 2441 ,
599 2364 692 2425 etiam
702 2364 896 2444 quantumvis
904 2364 1004 2441 justa,
1017 2362 1187 2426 rationabili
1197 2408 1205 2439 ,
1216 2370 1248 2424 et
1256 2363 1457 2442 privilegiata,

305 2460 396 2521 etiam
409 2460 461 2521 tali
472 2504 479 2536 ,
492 2479 560 2540 quae
569 2459 608 2520 ad
617 2459 759 2526 ellectum
767 2460 928 2526 validitatis
940 2461 1165 2540 premissorum
1174 2459 1350 2524 necessario
1362 2462 1459 2542 expri-

305 2558 415 2619 menda
436 2556 531 2634 foret,
547 2558 644 2619 notari
653 2603 661 2634 ,
677 2557 865 2637 impugnari,
889 2558 1064 2634 invalidari,
1082 2558 1260 2634 retractari,
1276 2559 1310 2620 in
1324 2559 1376 2638 jus
1391 2603 1399 2634 ,
1413 2559 1459 2618 tel

305 2653 539 2722 controversiam
551 2655 685 2720 revocari
694 2700 704 2731 ,
726 2654 830 2716 autad
850 2657 995 2722 terminos
1013 2653 1090 2732 juris
1104 2653 1225 2730 reduoi,
1243 2655 1293 2716 vel
1310 2654 1456 2716 adversus

304 2749 371 2813 illas
383 2749 579 2813 restitutionis
594 2750 624 2811 in
643 2751 809 2830 integrum,
826 2750 1000 2830 aperitionis
1016 2751 1095 2826 oris,
1107 2750 1294 2813 reductionis
1309 2751 1349 2812 ad
1363 2751 1455 2826 viam,

291 2847 335 2908 'et
351 2846 496 2909 terminos
507 2847 602 2925 juris,
618 2855 670 2914 aut
684 2847 766 2910 aliud
781 2847 994 2928 quodcumque
1005 2848 1099 2926 juris,
1112 2845 1326 2927 saetigerum,
1342 2849 1458 2926 velius

304 2944 375 3007 titire
389 2943 556 3012 remedium
565 2944 718 3025 impetrari
729 2990 736 3021 ,
749 2963 802 3007 seu
811 2943 1039 3029 quomodolibet
1045 2943 1212 3032 concesso,
1225 2951 1280 3007 aut
1293 2945 1457 3026 impetrato
1507 2996 1510 3005 .

304 3040 478 3121 quempiam
503 3040 563 3118 uti,
579 3059 631 3103 seu
650 3059 682 3102 se
700 3041 800 3119 juvari
820 3040 850 3102 in
870 3040 1001 3120 judicio,
1017 3041 1063 3103 vel
1080 3049 1166 3104 entra
1187 3041 1262 3104 illud
1281 3061 1391 3123 posse;
1407 3044 1458 3105 sed

304 3137 426 3199 easdem
441 3132 603 3218 presentes
618 3155 747 3219 semper,
767 3145 973 3218 perpetuoque
992 3137 1124 3215 validas,
1136 3125 1257 3216 firmas,
1271 3145 1304 3201 et
1315 3138 1458 3202 efficaces

304 3233 442 3310 existere,
453 3242 483 3296 et
492 3234 575 3308 fore,
586 3252 714 3315 suosque
725 3234 890 3315 plenarios,
901 3243 931 3296 et
944 3235 1075 3315 integros
1089 3236 1215 3299 effectus
1228 3235 1345 3312 sortiri,
1358 3245 1393 3297 et
1406 3239 1460 3298 ob

304 3330 416 3406 tinere,
431 3349 466 3391 ac
484 3349 537 3410 per
556 3348 661 3399 omnes
674 3337 705 3390 et
719 3330 867 3408 singulos,
884 3332 922 3392 ad
937 3350 1014 3415 quos
1029 3340 1146 3412 spectat
1154 3378 1162 3410 ,
1178 3340 1209 3394 et
1223 3332 1458 3413 quomodolibet

304 3426 452 3507 spectabit
464 3426 494 3495 in
511 3425 646 3493 futurum
658 3424 866 3494 inviolabiliter
876 3426 1036 3488 observari.

346 3535 395 3586 ss.
413 3525 538 3605 Sisque,
559 3531 591 3586 et
615 3542 676 3586 nou
697 3523 782 3584 aliter
803 3523 833 3584 in
856 3523 1014 3604 premissis
1034 3524 1188 3601 omnibus,
1203 3530 1235 3585 et
1257 3524 1386 3602 singulis
1405 3544 1460 3606 per

304 3640 512 3703 quoscumque
523 3624 540 3684 J
543 3621 642 3689 udices
652 3620 838 3699 ordinarios,
848 3628 879 3684 et
887 3623 1041 3701 relegatos
1050 3666 1058 3699 ,
1071 3621 1163 3690 etiam
1177 3639 1339 3689 causarum
1349 3624 1459 3685 Palatii

304 3719 467 3801 apostolici
480 3717 639 3787 Auditores
650 3764 657 3794 ,
670 3737 705 3779 ao
717 3719 747 3778 S.
764 3719 800 3778 R.
812 3717 1038 3791 E,Cardineles,
1050 3719 1142 3781 etiam
1150 3718 1188 3781 de
1199 3721 1305 3785 Latere
1315 3721 1458 3798 Legatos,

303 3823 335 3879 et
348 3817 432 3880 Sedis
443 3818 621 3896 Apostolicae
634 3816 782 3895 Nuncios,
794 3823 825 3879 et
835 3815 909 3878 alios
924 3816 1030 3900 quavis
1049 3818 1245 3895 auctoritate,
1259 3825 1292 3878 et
1305 3825 1460 3897 potestate

303 3914 461 3994 fungentes
472 3921 502 3977 et
514 3915 669 3978 iuncturos
686 3915 716 3977 in
734 3913 839 3995 quavis
852 3931 962 3990 eausa,
976 3922 1007 3976 et
1024 3914 1182 3992 instantia,
1204 3914 1323 3978 sublata
1343 3915 1407 3992 eis,
1430 3925 1460 3976 et

303 4033 410 4077 eorum
423 4014 546 4094 cuilibet
559 4015 664 4095 quavis
680 4015 765 4078 aliter
774 4013 946 4092 judicandi,
960 4032 1013 4076 seu
1023 4013 1237 4094 interpretanti
1250 4012 1417 4091 facultate,
1430 4023 1460 4076 et

304 4113 482 4175 auctoritate
496 4112 639 4191 judicari,
654 4131 689 4174 ac
703 4111 819 4175 definiri
832 4111 942 4174 debere
952 4131 1008 4189 ,ao
1021 4112 1156 4190 irritum,
1170 4117 1201 4177 et
1210 4111 1319 4189 inane,
1332 4113 1359 4174 si
1371 4132 1460 4176 secus

303 4211 449 4290 superbis
464 4229 646 4291 aquoquam
654 4211 759 4291 quavis
770 4210 964 4287 auctoritate,
980 4211 1118 4288 solenter,
1131 4210 1178 4274 vel
1192 4209 1372 4289 ignoranter
1387 4231 1460 4275 con·

303 4306 402 4384 tigerit
418 4307 577 4384 attentari,
595 4306 793 4369 decernimus.

314 4442 317 4447 -
344 4415 392 4462 aa.
403 4405 468 4464 Non
481 4404 669 4467 obstantibus
678 4406 1003 4483 Constitutiorribus,et
1012 4398 1249 4470 ordinationibus
1258 4407 1460 4486 Apustobcis,

303 4498 397 4560 etiam
408 4498 440 4561 iu
453 4501 591 4564 Consiliis
605 4504 794 4581 generalibus
808 4503 910 4580 editis,
924 4511 955 4565 et
969 4512 1117 4583 quatenus
1135 4521 1212 4582 opus
1225 4502 1265 4563 sit
1277 4505 1388 4581 regula
1401 4523 1461 4566 no-
