3188 5414
254 494 303 544 146
489 488 491 493 ’
680 484 881 541 eutulanus
900 483 963 538 xtt‘

252 597 361 655 lloctor
378 592 510 655 Thomas
522 591 559 653 de
573 593 666 653 Paulo
680 592 807 652 Palanco
823 589 851 650 in
868 588 974 649 eodem
984 588 1108 668 collegio
1121 604 1261 668 magnam
1277 604 1402 651 urorum

253 700 344 773 atque
366 692 474 771 ingenii
489 691 533 752 sui
550 690 722 771 opinionem
733 688 893 768 relinquat,
906 687 1044 767 idemque
1059 687 1097 747 ad
1110 687 1275 767 petendum
1290 687 1321 748 in
1340 690 1401 749 Ee

252 790 344 854 alesia
372 789 428 851 ista
449 788 628 851 Malaeitana
645 787 856 849 canonicatum
879 785 1052 846 lectoralem
1073 783 1170 845 isthuc
1193 803 1225 845 se
1243 783 1400 862 conferat,

252 885 441 948 Fraternitati
456 893 515 949 tuae
537 884 676 947 eumdem
701 900 881 962 magnopere
905 881 1116 943 commendare
1137 881 1298 943 voluimus.
1322 884 1400 945 Cum

142 980 157 995 '
251 984 353 1064 itaque
365 981 589 1064 optimo,quod
601 999 773 1062 speramus,
784 979 988 1061 experimento
1004 978 1133 1040 scientie
1151 997 1211 1040 sua
1224 977 1310 1040 facto
1330 997 1401 1042 me-

249 1081 324 1147 ritus
338 1100 355 1141 a
371 1087 400 1141 te
420 1080 526 1157 luerit,
540 1087 572 1141 ut
586 1078 754 1159 patrocinio
769 1097 824 1139 suo
850 1078 953 1139 adesse
975 1077 1015 1138 illi
1036 1077 1127 1154 velis,
1151 1077 1181 1137 id
1200 1096 1218 1137 a
1240 1083 1272 1138 te
1284 1095 1399 1159 expos-

249 1178 358 1254 cimus,
373 1183 407 1238 ut
423 1175 555 1255 suffragii
570 1175 612 1237 tui
625 1175 830 1255 prerogativa,
845 1192 938 1255 quam
950 1172 1093 1236 doctrine
1106 1179 1196 1256 alque
1210 1174 1332 1254 ingenio
1345 1176 1399 1239 bo

250 1274 339 1336 minis
363 1293 418 1355 pro
441 1274 580 1354 equitate
604 1280 656 1333 tua
675 1273 837 1348 tribueres,
856 1278 978 1352 propter
1001 1271 1295 1333 commendationem
1318 1273 1398 1336 banc

251 1378 387 1432 nostram
405 1371 546 1434 eumdem
565 1369 705 1430 libentius
718 1386 861 1444 exornes,
879 1375 908 1428 et
925 1385 1121 1448 quecumque
1142 1368 1220 1430 intra
1238 1369 1316 1449 arqui
1328 1370 1398 1448 jus·

250 1467 333 1547 tique
344 1469 417 1529 fines
431 1467 473 1528 illi
487 1454 630 1546 impertiri
642 1465 787 1547 potueris,
798 1473 901 1526 nostra
912 1466 1002 1526 etiam
1012 1484 1104 1528 causa
1117 1466 1231 1545 prolixe
1242 1466 1395 1529 conferas.

251 1567 320 1642 Hac
341 1565 433 1626 Nobis
454 1562 672 1642 jucundissima
691 1562 754 1625 lore
765 1563 952 1643 profitemur,
967 1580 1090 1642 queque
1111 1563 1218 1624 merito
1240 1555 1395 1627 ac'virtuti

249 1662 330 1723 illius
342 1662 478 1741 largiore,
489 1679 526 1722 ea
538 1662 599 1721 Nos
610 1666 766 1739 tamquam
786 1660 1039 1722 commendationi
1060 1667 1167 1722 nostra
1182 1659 1299 1722 tributa
1310 1667 1397 1742 puta·

249 1767 350 1837 turos,
371 1761 544 1839 nullamque
559 1757 652 1819 nostri
671 1765 831 1838 propterea
850 1757 903 1819 tibi
921 1758 998 1838 grati
1020 1758 1109 1819 animi
1130 1758 1319 1839 significandi
1339 1778 1397 1842 op·

249 1857 465 1937 portunitatem
486 1855 657 1919 emissuros.
678 1854 801 1916 Interim
822 1855 851 1915 in
871 1855 1056 1916 uberrimum
1079 1855 1242 1916 Pontificiae
1261 1856 1398 1920 caritatis

249 1954 356 2035 pignus
377 1954 572 2036 apostolicam
593 1952 832 2015 benedictionem
851 1953 916 2030 ubi,
931 1952 1116 2015 Venerabilis
1135 1954 1250 2028 Frater,
1275 1960 1396 2035 tuaeque

250 2053 318 2115 fidei
330 2054 491 2116 commisso
504 2052 616 2134 populo
634 2058 824 2132 peramanter
839 2051 1038 2132 impertimur.
1059 2052 1171 2112 Datum
1186 2051 1308 2127 Romu,
1320 2060 1396 2125 alc,

247 2153 296 2211 ilie
314 2164 349 2213 18
370 2153 479 2230 aprilis
500 2161 569 2211 1111
579 2195 587 2226 ,
597 2153 793 2228 pontificatue
806 2153 900 2209 nostri
911 2166 989 2207 auno
1000 2149 1141 2208 secundo.

735 2378 910 2447 CXXXlll.

499 2525 715 2566 nrnncrrssruo
727 2527 761 2566 in
776 2526 905 2567 cunrsro
920 2526 1007 2566 11110
1024 2527 1141 2567 1101110

449 2632 624 2691 canobo
658 2631 860 2690 PRINCIPI
893 2631 1184 2691 ASTUlllAliUlll

561 2751 794 2829 CLEMENS
821 2753 948 2829 PAPA
976 2751 1081 2827 xtV.

959 2912 1042 2958 Romae
1054 2909 1102 2968 die,
1118 2914 1144 2957 ta
1159 2908 1241 2969 aprilis
1260 2912 1329 2959 1771.

287 3019 499 3088 dilectissime,
513 3024 567 3075 cte.
583 3015 752 3076 Revertenti
766 3016 863 3078 isthuc
877 3034 893 3076 e
905 3014 1101 3096 Neapolitana
1112 3013 1273 3095 Legatione
1282 2994 1396 3079 dilecto
1477 3056 1483 3083 l

246 3113 307 3172 lilio
326 3114 468 3192 Magistro
488 3114 642 3194 Alpbonso
659 3115 801 3176 Clementi
818 3115 855 3174 de
871 3113 1028 3193 Arosteg'bi
1050 3113 1209 3192 Capellano
1228 3120 1347 3192 nostro,
1363 3124 1394 3176 et

244 3228 404 3271 causarum
425 3212 529 3273 Palatii
553 3212 716 3291 Apostolict
737 3212 890 3288 Auditori,
908 3231 978 3273 eum
996 3213 1057 3273 Nos
1071 3213 1167 3272 Roma
1186 3213 1394 3290 pertransiens

243 3324 299 3385 pro
319 3325 373 3368 sua
391 3324 462 3386 erga
480 3307 684 3386 Apostolicam
702 3308 810 3368 Sedem
830 3309 1019 3370 observantia
1040 3308 1194 3384 inviseret,
1209 3308 1393 3372 tradidimus

243 3404 356 3484 pictam
370 3403 470 3464 Beatae
484 3402 585 3464 Maria
603 3402 731 3482 Virginis
751 3404 926 3484 imaginem,
945 3412 979 3466 ut
997 3404 1124 3466 eandem
1143 3404 1197 3466 tibi
1210 3413 1319 3469 nostro
1338 3426 1392 3470 no-

243 3503 325 3564 mina
335 3501 472 3563 deferret.
484 3502 656 3580 Voluimus,
668 3510 701 3564 ut
710 3502 768 3566 hoe
780 3505 836 3567 etsi
848 3505 972 3584 exiguo,
983 3504 1034 3584 pio
1045 3511 1145 3566 tamen
1158 3523 1193 3566 11
1205 3503 1244 3566 od
1253 3505 1391 3573 divinum

242 3603 359 3662 cultum
376 3606 528 3679 spectante
546 3619 669 3663 munere
685 3622 776 3683 penes
789 3611 817 3664 te
831 3602 941 3664 babere
955 3621 1059 3683 posses
1072 3603 1165 3664 nostri
1180 3622 1252 3684 erga
1269 3612 1301 3668 te
1325 3606 1392 3669 sin·
1440 3672 1445 3681 ,

242 3697 354 3777 gularis
378 3698 504 3776 amoris,
522 3718 558 3760 ae
577 3702 692 3779 paterni
714 3701 804 3763 studii
825 3707 1071 3778 monumentum,
1088 3702 1340 3785 quotiescumque
1360 3706 1391 3768 iu

242 3799 317 3862 illud
326 3799 501 3881 inspiceres,
515 3799 597 3880 quod
608 3807 638 3861 te
656 3819 712 3880 pro
725 3807 777 3861 tua
788 3799 900 3880 pietate
914 3798 1047 3879 quotidie
1059 3799 1210 3861 facturum
1222 3818 1285 3863 non
1297 3801 1392 3865 dubi·

241 3905 356 3975 tamus,
369 3897 457 3958 toties
468 3897 666 3959 recordareris
677 3897 771 3958 nostri
779 3943 787 3974 ,
799 3897 850 3977 qui
865 3904 895 3959 te
906 3916 964 3959 una
975 3916 1046 3959 eum
1059 3898 1215 3960 carissimo
1224 3898 1255 3960 in
1270 3900 1401 3969 Christo·

242 3995 304 4056 lilio
317 4002 422 4056 nostro
440 3995 545 4055 Carolo
560 3996 772 4075 Hispaniarum
786 4014 855 4075 rege
873 3993 1026 4058 Catholieo
1040 4003 1163 4077 parente
1176 4003 1230 4059 tuo
1238 4042 1248 4075 ‚
1263 4005 1391 4081 totaque

215 4098 222 4117 '
241 4095 334 4175 Regia
348 4097 444 4156 Domo
453 4099 538 4154 tanta
549 4094 672 4156 caritate
684 4094 924 4173 complectimur,
935 4101 1048 4174 quanta
1059 4095 1156 4173 major
1166 4102 1197 4156 et
1206 4097 1391 4161 cumulatior

242 4205 375 4252 essenon
386 4189 492 4272 possit.
506 4189 648 4251 Novimus
658 4209 730 4252 sane
741 4208 834 4272 quam
845 4193 987 4271 praeclara
996 4191 1088 4253 animi
1099 4191 1143 4253 tui
1153 4191 1263 4270 sitjam
1273 4193 1314 4255 ab
1323 4193 1391 4277 ipso

242 4283 334 4364 stirpe.
346 4287 452 4365 dueta,
468 4305 504 4348 ae
517 4286 688 4350 domesticis
702 4289 847 4369 exemplis
861 4290 957 4369 uragis
972 4289 1126 4373 magisque
1141 4272 1323 4356 confirmata
1338 4294 1392 4357 in-

242 4379 339 4458 doles,
358 4404 449 4463 quam
461 4385 566 4447 insitus
589 4387 755 4468 religionis,
767 4387 924 4468 omnisque
940 4389 1057 4453 virtutis
1071 4390 1218 4469 colende,
1234 4411 1270 4454 ac
1286 4392 1393 4457 solide

242 4483 449 4558 comparandae
461 4482 556 4545 laudis
568 4484 670 4563 ordor,
683 4486 762 4548 unde
773 4485 864 4548 Nobis
878 4485 953 4546 dete
968 4488 1181 4566 cogitantibus,
1194 4489 1394 4572 patriumque
