3188 5414
413 535 599 590 ‘nrrsrona
617 534 662 592 m
679 534 815 592 nansia
834 534 1066 591 suuecrroal.
1103 510 1107 522 '
1300 540 1315 589 r

168 643 323 718 praestare,
335 639 433 719 iisque
443 640 709 705 exercitationibus
723 639 865 704 interesse
876 657 936 703 nou
950 639 1072 720 poterit,
1082 647 1113 703 et
1124 641 1233 719 quibus
1245 661 1316 706 cou-

168 735 275 797 sratres
288 735 453 815 intersunt,
463 743 495 802 et
510 756 578 818 qua
591 737 856 819 praesinenam,
872 736 1001 803 reciuus
1016 737 1165 802 rosarium
1183 738 1316 822 quinque

167 832 316 895 decadum
333 833 512 900 beatissima
532 835 662 921 Virginis
672 833 836 912 Mute,-et
853 833 927 899 illud
944 852 1000 916 pro
1024 833 1132 916 majori
1146 833 1238 898 divini
1256 833 1316 899 ho-

165 930 247 991 noris
256 932 351 1009 cultu,
362 938 476 997 sanctae
485 933 591 999 matris
600 932 734 999 amlesiaa
742 930 936 1009 erasurus,
944 931 1093 1002 haeresum
1103 932 1313 1018 extirpatioue,

166 1028 399 1091 christianorum
418 1031 590 1111 principum
606 1029 783 1105 concordia,
806 1035 836 1089 et
857 1027 1024 1090 sodalitatis
1042 1035 1148 1090 vestrae
1164 1029 1194 1089 in
1217 1029 1315 1094 chris-

164 1125 433 1189 tianis.virtutibus
455 1127 640 1190 incremento
655 1126 808 1208 applicans
823 1125 964 1203 easdem,
985 1144 1061 1205 quas
1079 1126 1243 1188 confratres
1265 1128 1315 1188 lu-

165 1231 300 1302 crantur,
330 1224 548 1305 indulgentias„
570 1216 772 1305 peccatorum-
790 1221 997 1298 remissiones,
1022 1240 1238 1302 poenarumque
1263 1243 1314 1284 re-

165 1319 332 1383 laxationes
355 1321 464 1383 lucrari
487 1327 517 1382 et
540 1320 680 1400 consequi
706 1318 812 1401 possit.
834 1318 957 1379 Interim
978 1319 1017 1380 ad
1036 1320 1163 1382 coelestis
1183 1320 1312 1402 praesidii

165 1418 348 1498 auspicium,
359 1425 389 1480 et
407 1417 546 1480 studiosae
556 1423 665 1479 nostras
680 1433 752 1495 erga
765 1434 819 1477 vos
831 1415 992 1478 voluntatis
1002 1415 1111 1497 pignus
1123 1417 1313 1496 adjungimus

166 1514 362 1592 apostolicam
388 1513 628 1580 benedictionem
656 1531 752 1593 quam
782 1511 868 1577 vobis
893 1519 1086 1596 peramanter
1110 1513 1310 1593 impertimur.

164 1610 276 1674 Datum
285 1613 396 1687 Romae,
407 1618 479 1691 etc,
490 1614 540 1674 die
554 1614 685 1690 adjacuit
698 1623 786 1688 1769,
797 1614 990 1691 pontificatus
1002 1616 1099 1672 nostri
1111 1630 1192 1672 auno
1198 1618 1310 1690 primo.

648 1762 832 1774 ——n———n-

709 1873 780 1943 Vll.

504 2045 632 2087 nlnncro
656 2047 739 2087 rrum
762 2047 872 2088 uoarur
895 2050 968 2089 vruo

293 2149 492 2220 LUDOVICO
512 2159 686 2220 EUGENIO
706 2161 800 2225 DUCl
821 2162 1181 2227 WIRTEMBERGENSI

464 2290 700 2370 CLEMENS
729 2295 859 2370 Papa
887 2293 995 2371 XIV.

977 2454 1072 2510 Romae,
1086 2458 1096 2500 t
1109 2450 1163 2512 julil
1178 2453 1247 2500 tica.

197 2559 317 2623 Dilecta
329 2561 392 2624 Fili
405 2562 514 2626 scotta
533 2519 734 2637 circulatam,
745 2573 804 2631 etc.
822 2567 924 2649 Neque
937 2564 1092 2643 uberiora,
1104 2582 1202 2648 neque
1217 2564 1310 2625 Nobis

160 2654 277 2719 carima
289 2657 350 2721 nlla
360 2676 432 2739 erga
440 2660 502 2724 Nos
512 2659 613 2726 officia
624 2681 690 2726 csse
703 2671 841 2749 possunt,
852 2684 944 2751 quam
957 2684 1025 2750 quaa
1038 2663 1160 2725 suerunt
1174 2681 1192 2723 a
1204 2662 1311 2728 nobili-

159 2760 224 2816 tate
237 2759 290 2817 tua
303 2754 342 2819 ob
351 2760 489 2820 nostram
502 2755 541 2819 ad
549 2757 712 2825 Summum
721 2760 933 2829 Pontificatum
946 2761 1134 2827 evectionem
1144 2759 1310 2823 Nobiscum

160 2851 397 2916 luculentissima
414 2861 547 2935 peracta.
558 2855 679 2919 litteris
693 2857 774 2923 euim
785 2857 929 2937 singulari
946 2859 978 2924 in
992 2859 1053 2920 Nos
1067 2858 1181 2939 pietate
1195 2856 1311 2919 refertis

134 2981 136 2985 ,
159 2955 276 3011 tantam
289 2948 398 3013 latitas
407 2956 518 3013 nostrae
528 2968 650 3015 caussa
660 2958 690 3014 te
700 2959 848 3036 suscepta
858 2953 935 3036 vim,
949 2961 1060 3019 actam
1075 2952 1185 3034 apertis
1197 2951 1310 3014 inditiis

159 3044 306 3124 decimas,
322 3051 358 3109 ut
369 3063 544 3131 expressam
558 3046 629 3112 iude
639 3046 792 3132 possimus
805 3048 1004 3115 amantissimi
1014 3049 1121 3121 nostri,
1137 3054 1227 3133 atque
1239 3067 1310 3132 erga

159 3141 281 3205 haucS.
300 3141 409 3206 Sadem
423 3142 677 3209 observantissimi
690 3142 783 3209 animi
802 3143 846 3209 tui
859 3143 989 3225 effigiem
1009 3145 1174 3212 clarissime
1186 3145 1307 3213 intueri.

159 3241 192 3302 ln
208 3258 245 3303 eo
257 3259 328 3304 vero
339 3240 507 3321 praesertim
519 3241 620 3308 sardia
632 3241 663 3309 iu
677 3243 738 3310 Nos
753 3247 807 3307 tua
825 3244 1033 3327 agnoscimus,
1048 3241 1131 3327 quod
1143 3242 1175 3303 iu
1189 3244 1309 3327 gravis-

157 3340 233 3404 simo
244 3340 522 3422 gerendcmunere,
533 3341 585 3406 cui
596 3342 728 3427 impares
743 3340 866 3408 ommno
880 3360 996 3419 snmus,
1007 3341 1068 3403 tuis
1080 3341 1119 3403 ad
1132 3344 1228 3406 Deum
1242 3361 1309 3426 prc-

158 3439 244 3503 cibns
259 3440 398 3520 adjuves,
411 3460 448 3504 ac
461 3441 499 3505 ad
514 3460 709 3509 communem
720 3441 862 3507 Ecclesia
873 3440 1033 3513 utilitatem
1044 3440 1150 3507 faustis
1170 3441 1309 3528 auspiciis

158 3538 359 3618 prosequaris.
373 3541 471 3612 Quare
485 3539 525 3603 de
536 3539 594 3605 hac
606 3539 726 3622 egregia
745 3545 798 3605 tua
819 3537 848 3603 iu
862 3540 924 3605 Nos
937 3539 1092 3600 voluntate
1114 3537 1242 3619 mirifice
1255 3539 1309 3607 la-

159 3642 271 3713 temur,
282 3643 312 3699 et
325 3637 469 3718 peculiari
480 3638 697 3705 benevolentia
709 3656 798 3704 sensu
811 3637 866 3704 bas
882 3637 994 3704 amoris
1009 3637 1241 3722 significationes
1253 3656 1308 3699 ex-

157 3733 303 3814 cipimus,
327 3740 417 3816 atqus
437 3734 512 3799 illud
533 3735 662 3802 invicem
681 3735 860 3817 profitemur
875 3735 922 3802 his
938 3735 1030 3797 officii
1049 3755 1085 3797 ac
1106 3735 1227 3820 pietatis
1248 3742 1307 3797 tuae

158 3831 295 3911 partibus
309 3851 417 3913 parem
430 3833 635 3914 pontificiaein
653 3840 684 3898 te
699 3833 834 3900 caritatis
846 3851 911 3898 esse
923 3832 1173 3914 magnitudinem,
1186 3834 1307 3917 Nosque

157 3928 230 3990 nihil
244 3935 402 4010 tantopere
422 3949 548 4014 cupere,
562 3949 655 4016 qnam
677 3938 711 3996 ut
728 3929 972 4015 opportunitates
990 3930 1219 4017 suppeditentur
1232 3950 1308 4015 pro-

157 4026 325 4109 peusissimi
339 4027 431 4089 animi
445 4028 476 4092 in
494 4033 523 4088 tc
543 4028 638 4092 nostri
653 4027 836 4093 declarandi.
857 4029 1008 4102 Quantum
1023 4029 1103 4090 enim
1123 4034 1154 4089 te
1174 4029 1213 4089 ob
1226 4048 1307 4108 prac-

158 4125 275 4188 clarnm
293 4131 380 4190 tuum
395 4126 425 4190 iu
440 4125 621 4190 catholicam
634 4126 800 4193 Ecclesiam
812 4126 1007 4207 obsequium,
1022 4134 1112 4212 atque
1131 4125 1172 4186 ob
1191 4131 1307 4188 ceteras

159 4222 283 4300 exuuias
294 4223 388 4287 animi
397 4223 484 4287 dotas
495 4223 670 4302 diligamns,
683 4223 847 4305 quantique
859 4223 943 4306 apud
949 4223 1013 4291 Nos
1023 4224 1062 4290 sit
1079 4229 1132 4284 tua
1144 4240 1179 4283 ac
1188 4225 1306 4307 generis

158 4319 215 4397 tui,
235 4326 352 4400 tuaeque
374 4321 489 4383 inclitae¹
503 4321 611 4383 domus
635 4321 813 4402 amplitudo,
831 4321 930 4403 reipsa
948 4321 1065 4402 egregie
1088 4320 1216 4401 poteris,
1235 4340 1306 4383 cum

158 4425 291 4497 paternae
309 4424 419 4481 nostrae
433 4419 648 4481 benevolentias
667 4437 760 4500 opera
771 4420 815 4481 uti
832 4421 929 4498 voles,
944 4437 1137 4500 cognoscere.
1153 4419 1305 4500 Siquidem

160 4513 233 4576 nihil
243 4521 342 4595 potest
353 4535 369 4576 a
380 4522 464 4595 patre
474 4516 684 4579 amantissimo
693 4515 724 4578 iu
735 4516 1037 4597 obsequentissimum
1049 4515 1144 4578 filium
1155 4516 1304 4597 proticisci
