3226 5408
274 494 325 543 330
699 485 901 540 CLEMENTIS
921 484 984 536 xlv

272 592 475 674 probavimus.
487 591 652 672 Eapropter
661 608 697 650 eo
706 606 824 668 semper
832 587 1062 667 flagrantissimo
1070 585 1216 649 desiderio
1224 593 1427 673 tenebamur,

273 695 362 769 atque
375 707 427 770 spe
442 688 647 764 allicebamur,
662 686 725 747 fore
739 685 898 762 nimirum,
912 692 945 745 ut
960 685 1120 746 luculentis
1132 688 1347 750 nonnullorum
1364 695 1429 754 Ro

272 804 431 847 manorum
442 785 620 866 pontificum
631 783 884 864 predecessorum
901 788 1074 843 nostrorum
1086 783 1229 864 exemplis
1246 785 1429 850 insistentes

270 883 437 944 Bononiam
451 888 600 962 repetere,
618 877 845 941 dilectissimum
857 875 971 939 clerum
983 896 1019 939 ac
1031 879 1332 958 populumnostrum
1344 883 1427 944 invi-

246 995 249 999 ·
271 996 335 1039 sere
342 1023 351 1055 ,
362 984 451 1058 atque
465 997 526 1038 una
539 977 667 1037 invicem
682 976 880 1055 gratulantes,
894 974 1131 1055 metropolitane
1142 977 1272 1039 ecclesie
1290 979 1427 1042 laudatae

269 1072 526 1136 consecrationem
537 1089 679 1153 peragere
692 1072 870 1132 valeremus.
884 1071 997 1130 Verum
1010 1075 1149 1130 votorum
1163 1076 1338 1135 nostronuu
1358 1072 1427 1134 im-

269 1175 355 1249 potes
372 1167 499 1247 faciunt,
515 1175 605 1249 atque
619 1187 637 1229 a
649 1173 796 1247 concepta
814 1183 868 1246 spe
881 1164 1023 1243 dejiciunt
1034 1180 1095 1227 non
1110 1167 1333 1230 contemnenda
1349 1188 1427 1249 pro

269 1271 361 1326 vectae
377 1266 471 1327 aetatis
487 1264 701 1345 impedimenta
721 1271 751 1323 et
771 1281 830 1323 non
849 1263 927 1323 levia
940 1262 1079 1342 podagrae
1094 1262 1298 1326 incommoda.
1312 1267 1426 1346 ltaque

268 1362 341 1423 illud
352 1363 474 1424 tandem
483 1361 639 1423 consilium
650 1360 851 1439 suscepimus,
864 1360 893 1418 in
903 1377 1031 1439 eamque
1041 1359 1213 1421 devenimus
1223 1362 1424 1441 sententiam,

268 1466 302 1520 ut
311 1459 412 1521 relicta
422 1458 512 1519 Nobis
524 1458 634 1538 pariter
646 1475 664 1517 a
676 1456 826 1517 nonnullis
836 1455 979 1517 Romanis
988 1454 1181 1536 pontificibus
1192 1457 1426 1536 praedecessori·

268 1555 324 1615 bus
344 1555 452 1617 nostris
470 1554 651 1615 documenta
671 1558 826 1631 sequentes
847 1550 976 1630 aliquem
994 1551 1221 1631 deputaremus
1241 1552 1292 1633 qui
1312 1562 1425 1617 nostro

266 1652 387 1714 nomine
410 1654 491 1713 illam
510 1651 675 1732 perficeret.
701 1652 803 1726 Itaque
826 1657 868 1718 te,
887 1650 998 1709 dilecte
1011 1651 1064 1726 fili
1077 1657 1187 1722 noster,
1207 1655 1259 1727 qut
1282 1669 1302 1710 α
1326 1654 1424 1713 Nobis

268 1751 513 1829 Arcbieptscopns
524 1754 666 1810 Bononia
676 1753 868 1821 constitutas,
882 1752 932 1824 qut
943 1753 1081 1806 creatura
1098 1753 1201 1807 nostra
1211 1765 1251 1820 es,
1265 1753 1321 1826 qui
1333 1755 1424 1811 tanta

268 1866 335 1908 cora
348 1853 480 1908 nominis
495 1851 540 1908 tui
552 1847 655 1915 laude,
672 1851 755 1905 tanto
770 1862 840 1931 cula
852 1844 1027 1903 Christiana
1039 1848 1164 1921 pietate,
1176 1846 1330 1922 pastorali
1349 1849 1423 1906 sol-

268 1944 443 2013 lieitudine,
460 1943 641 2004 sacerdotali
655 1944 833 2019 vigilantia,
848 1942 923 2001 tono
935 1943 1075 2019 eaemplo
1090 1949 1119 2002 et
1132 1944 1334 2004 ecclesiastico
1349 1948 1423 2006 zelo

266 2045 436 2122 impositum
447 2042 501 2102 tibi
515 2043 715 2100 ministerium
730 2040 880 2098 cumulate
895 2038 1060 2116 adimplere
1076 2042 1191 2117 satagis
1205 2045 1235 2099 et
1249 2039 1420 2113 adniteris,-

267 2137 431 2218 apostolica
446 2137 622 2198 auctoritate
629 2142 735 2198 vtenore
752 2137 942 2217 praesentium
954 2137 1166 2199 constituimus
1176 2143 1207 2199 et
1220 2136 1423 2217 deputamus,

266 2240 300 2293 ut
320 2234 485 2294 solemnem
499 2251 575 2312 sepe
591 2231 675 2292 diotae
689 2233 818 2293 ecclesia
837 2232 1073 2312 metropolitanae
1094 2251 1131 2294 eo
1150 2231 1215 2310 die,
1234 2251 1270 2294 eo
1293 2251 1424 2312 mense,

215 2399 218 2408 Ι
265 2334 357 2406 prout
369 2328 423 2390 tibi
437 2327 634 2408 opportunius
654 2327 751 2390 visum
771 2328 875 2408 luerit,
896 2336 1001 2392 nostro
1018 2331 1140 2393 nomine
1157 2332 1424 2396 consecrationem

264 2423 357 2486 facias
372 2444 407 2486 ac
418 2425 567 2504 perficias.
582 2425 729 2488 Volumus
742 2432 844 2487 autem
857 2433 891 2487 ut
901 2427 1045 2488 universis
1058 2434 1089 2489 et
1101 2428 1223 2508 singulis
1231 2427 1425 2491 christifide-

264 2521 344 2582 libus
364 2539 419 2602 per
438 2520 569 2582 edictum
587 2519 743 2600 publicum
762 2519 876 2582 indicas
892 2521 1040 2601 plenarias
1063 2521 1261 2603 indulgentias
1282 2540 1302 2583 a
1322 2523 1424 2586 Nobis

208 2632 211 2637 ’
264 2636 423 2680 concessas
437 2617 708 2697 esseiisomnibus,
719 2617 770 2698 qui
783 2617 884 2679 sivein
897 2619 964 2699 ipsa
978 2619 1209 2681 consecrationis
1220 2619 1288 2694 die,
1309 2615 1376 2683 siue
1389 2622 1421 2684 in

263 2713 383 2776 duobus
395 2713 568 2776 immediate
578 2713 770 2794 sequentibus
785 2714 889 2777 diebus
905 2713 1033 2779 confessi
1047 2736 1082 2779 ac
1101 2735 1186 2779 sacra
1199 2719 1421 2784 communione

263 2809 369 2871 refecti
381 2809 518 2871 eamdem
528 2807 792 2888 metropolitanam
802 2810 958 2873 ecclesiam
969 2810 1162 2889 visitaverint,
1174 2817 1205 2874 et
1214 2813 1254 2873 ibi
1265 2831 1324 2893 pro
1334 2815 1423 2877 Chri-

263 2907 429 2968 stianorum
440 2907 609 2987 principum
624 2906 799 2983 concordia,
821 2902 968 2969 haeresum
984 2909 1197 2988 extirpatione,
1212 2916 1242 2970 et
1256 2911 1288 2970 S.
1311 2913 1423 2975 Matris

262 3001 400 3064 Ecclesiae
423 3000 602 3065 exaltatione
621 3001 686 3083 pias
709 3003 747 3064 ad
770 3007 865 3066 Deum
879 3025 981 3085 preces
1003 3006 1170 3068 effuderint.
1192 3006 1421 3088 indulgentiam

262 3116 335 3161 vero
354 3106 468 3180 septem
493 3117 640 3161 annorum
661 3107 691 3160 et
712 3101 837 3163 totidem
861 3103 1121 3182 quadragenarum
1143 3122 1200 3183 pro
1220 3103 1420 3168 visitantibus

262 3195 360 3274 ipsam
371 3196 633 3276 metropolitanam
644 3196 801 3258 ecclesiam
815 3198 852 3267 in
859 3199 1062 3260 anniversario
1074 3199 1307 3265 consecrationis
1320 3199 1419 3264 disin

262 3294 442 3371 perpetuum
457 3291 597 3370 assignes.
617 3294 711 3352 Porro
725 3293 779 3353 etsi
797 3312 975 3372 persuasum
994 3295 1157 3372 babemus,
1179 3302 1224 3372 te,
1238 3294 1348 3365 dilecte
1368 3298 1417 3360 tili

261 3392 374 3464 noster,
395 3405 564 3448 memorem
579 3388 777 3467 impositionis
791 3407 936 3452 manuum
950 3398 1122 3452 nostrarum
1136 3409 1225 3472 super
1245 3399 1290 3471 te,
1304 3399 1337 3455 et
1357 3413 1421 3475 pa-

200 3550 203 3555 ,
262 3491 355 3548 teme
367 3485 514 3562 caritatis,
528 3504 588 3565 qua
600 3492 632 3546 te
645 3503 763 3566 semper
778 3488 925 3568 complexi
943 3507 1058 3565 sumus,
1074 3494 1104 3550 et
1111 3508 1170 3574 pro
1181 3489 1265 3551 filiali
1274 3496 1330 3553 tua
1341 3510 1419 3573 erga

262 3584 324 3645 Nos
344 3583 532 3645 observantia
557 3582 689 3643 assiduas
709 3583 747 3643 ad
767 3584 916 3646 bonorum
937 3586 1109 3665 largitorem
1129 3589 1224 3648 Deum
1245 3605 1305 3667 pro
1318 3588 1420 3652 Nobis

261 3700 366 3766 preces
376 3680 512 3758 fundere,
528 3687 631 3742 tamen
646 3679 703 3741 hac
723 3682 879 3743 occasione
901 3689 945 3760 te,
960 3682 1066 3744 dilecte
1080 3682 1121 3743 lili
1143 3689 1256 3761 noster,
1267 3702 1420 3765 rogamus

262 3787 295 3840 et
308 3779 469 3860 poscimus,
481 3784 514 3839 ut
528 3777 758 3840 ferventioribus
772 3779 911 3858 deinceps
928 3780 1170 3842 obsecrationum
1184 3779 1336 3862 suffragiis
1346 3790 1418 3847 tum

262 3875 427 3940 dilectionis
433 3882 501 3954 tuae,
516 3895 608 3956 quam
620 3877 746 3938 aliorum
757 3876 996 3939 christifidelium
1006 3896 1084 3938 curra
1094 3885 1152 3939 tuae
1164 3879 1416 3961 commissorum,

261 3994 338 4056 quos
349 3975 478 4036 excitare
492 3980 522 4034 et
532 3974 645 4034 hortari
662 3992 700 4036 ne
714 3975 851 4051 omittas,
867 3976 947 4056 a'pud
962 3993 1136 4055 supremum
1155 3981 1315 4054 pastorum
1325 3978 1418 4058 prin-

261 4073 359 4154 cipem
380 4074 482 4134 Jesnm
505 4072 670 4145 Christum,
692 4075 779 4152 cujus
798 4073 876 4136 vices
893 4074 923 4133 in
946 4072 1033 4134 terris
1050 4071 1243 4134 immerentes
1260 4073 1415 4155 gerimus,

262 4169 404 4230 continuo
423 4187 478 4250 pro
498 4175 599 4230 nostra
621 4169 823 4231 imbecillitate
841 4169 932 4230 instes
949 4176 979 4230 et
994 4187 1117 4247 urgeas,
1133 4176 1166 4229 ut
1180 4186 1235 4235 eor
1250 4174 1282 4229 et
1298 4188 1419 4251 corpus

262 4272 399 4328 nostmm
411 4267 518 4328 caelesti
531 4266 643 4327 lumine
658 4266 801 4344 illustret,
813 4266 913 4327 divina
924 4266 1032 4326 virtute
1043 4265 1157 4344 repleat
1170 4270 1203 4325 et
1211 4282 1345 4344 superna
1353 4285 1416 4348 opo

158 4410 162 4419 .
262 4361 419 4423 confirmet
433 4382 494 4424 non
508 4363 605 4424 solum
619 4363 648 4424 in
663 4365 838 4443 gravissima
850 4363 1026 4425 universalis
1042 4363 1180 4425 Ecclesiae
1192 4365 1413 4443 procuratione

262 4461 294 4518 ct
307 4456 337 4517 in
353 4461 485 4521 omnium
501 4461 692 4522 ecclesiarum
708 4457 920 4537 sollicitudine,
933 4481 1037 4522 vorum
1052 4462 1143 4523 etiam
1157 4461 1187 4522 in
1203 4461 1310 4524 ultima
1322 4482 1412 4539 mor—
