3188 5414
478 533 658 611 EPISTOLAE
677 536 723 591 ΕΤ
741 536 872 600 aarum
891 535 1128 591 subuertere.
1330 542 1380 600 tta

231 653 302 701 nem
315 628 449 708 futurum
470 637 676 712 declaremus,
693 646 723 701 et
736 656 935 716 consensum,
954 640 1202 720 approbationem
1214 667 1216 673 ·
1227 645 1380 723 nostram,

230 739 321 813 atqua
332 735 505 816 apostolica
519 736 706 808 auctoritatis
722 737 815 805 roua
829 736 1076 816 acljungeremus,
1090 754 1152 846 quo
1167 735 1314 822 acutior,
1332 744 1383 811 at-

227 848 288 908 que
304 832 420 902 auctior
433 832 495 914 ipso
513 831 588 902 ordo
607 852 661 917 por
678 835 741 902 Nos
755 852 821 903 asse
833 835 943 917 possit,
958 852 993 905 te
1004 833 1125 918 pineta
1137 832 1312 910 militine
1328 851 1381 905 ar-

227 925 338 991 natior.
350 928 413 993 Nos
425 927 514 1008 igitur
523 947 580 1009 pro
592 947 712 1000 summa
721 930 783 1009 illa,
792 949 854 1011 qna
863 948 934 1011 erga
943 929 1069 1011 Regiam
1080 930 1382 1013 besuensium

226 1028 354 1105 paterna
367 1023 492 1086 caritate
502 1024 643 1089 omnibus
656 1027 721 1106 ejus
732 1027 834 1107 gloriae
851 1028 1013 1105 decorum,
1027 1046 1062 1090 ac
1075 1026 1242 1108 utilitatum
1255 1029 1380 1101 rationai-

226 1117 284 1182 bus
297 1121 490 1184 uehementer
502 1123 626 1202 intenti,
640 1124 841 1205 propensique
859 1124 899 1186 ad
916 1142 952 1186 ea
964 1130 1073 1185 cuncta
1086 1141 1285 1204 quecumque
1298 1143 1379 1205 pra-

226 1217 329 1279 sertim
343 1219 383 1281 ad
394 1220 446 1281 bei
460 1222 593 1292 cultum,
614 1223 758 1303 regnique
773 1221 964 1307 splendorem
985 1219 1212 1300 provehendum
1225 1219 1379 1300 decernit,

225 1313 549 1392 primumvoluntatem
555 1314 594 1378 de
601 1315 651 1377 illo
661 1315 844 1378 instituendo
852 1314 956 1377 ordine
963 1332 1049 1376 suam
1056 1314 1203 1394 majorem
1211 1314 1242 1376 in
1252 1315 1377 1379 modum

225 1411 489 1491 commendamus,
508 1431 543 1474 ac
556 1413 738 1494 probamus,
753 1412 950 1496 ordinemque
963 1430 1034 1474 eum
1047 1411 1146 1493 ipsum
1160 1412 1202 1473 ita
1211 1412 1378 1475 confirma-

224 1525 309 1586 mus,
329 1515 365 1571 ut
386 1508 424 1571 ad
448 1508 580 1577 eundem
600 1508 697 1590 magis
717 1509 950 1592 stabiliendum,
978 1506 1250 1601 illustrandumque
1275 1511 1378 1575 omnia

223 1606 402 1688 Apostolicae
418 1606 502 1670 Sedis
513 1606 669 1688 presidia,
689 1614 779 1689 atque
793 1612 988 1685 ornamenta,
1003 1613 1153 1687 quantum
1166 1603 1212 1668 las
1223 1613 1284 1685 est,
1302 1625 1379 1671 con->

183 1745 186 1751 ·
222 1703 302 1766 ferre
331 1705 430 1786 parati
463 1705 568 1767 simus.
590 1706 780 1786 Quapropter
801 1703 1060 1785 quemadmodum
1080 1702 1213 1785 postulat
1234 1704 1376 1783 Maiestas

222 1801 301 1879 Tua,
317 1800 526 1877 concedimus,
542 1807 572 1875 el
585 1801 795 1882 indulgemus,
810 1807 844 1862 ut
858 1800 992 1863 adhibito
1004 1800 1139 1863 viromnr
1153 1799 1375 1864 ecclesiastico-

220 1913 291 1957 rum
304 1896 428 1958 consilio
439 1895 552 1987 percipi
563 1896 658 1979 possit
669 1899 842 1979 quotannis,
856 1906 946 1981 atque
959 1899 991 1961 in
1003 1900 1086 1962 huno
1095 1899 1232 1962 ordinem
1240 1902 1374 1963 converti

221 1992 364 2073 dimidia,
383 1995 430 2056 vel
443 1992 532 2065 tertia
547 1979 619 2082 pars
640 1995 794 2059 fructuum
807 1997 1154 2083 commerciorumque
1171 2015 1263 2087 porro
1280 2016 1375 2061 vaca-

221 2090 722 2171 tnraesuntQuatuormilitarium
731 2088 1183 2186 Ordinum,nempeS.Larari,
1197 2092 1372 2174 calatrava,
1462 2089 1467 2096 ’

218 2185 407 2265 dicantarae,
422 2192 454 2252 ct
465 2186 624 2267 blontosae,
638 2187 742 2276 aliqua
753 2187 857 2265 itidem
875 2208 947 2280 pars
957 2188 1114 2263 brrctnum
1129 2208 1166 2252 ex
1179 2189 1276 2263 Mitris
1290 2198 1322 2253 et
1337 2191 1374 2272 iis

219 2283 464 2369 Episcopalibus,
476 2283 529 2366 qui
540 2283 666 2354 serendo
675 2285 759 2349 oneri
768 2304 857 2374 pares
867 2304 933 2350 esse
948 2287 1014 2350 sine
1029 2288 1091 2365 ullo
1102 2285 1370 2370 curaeanimarum,
1429 2328 1434 2338 -

219 2383 313 2446 divini
324 2385 440 2463 cultus,
456 2382 580 2448 subsidii
594 2401 764 2474 pauperum
778 2383 959 2456 detrimento
980 2384 1117 2462 valeant,
1131 2383 1229 2447 donec
1247 2384 1285 2447 ad
1303 2403 1372 2461 eam

219 2499 372 2552 summam
383 2486 561 2564 peruentum
575 2479 684 2560 inerit,
698 2499 736 2543 ex
749 2498 810 2573 qua
824 2479 961 2555 redditus
976 2481 1067 2555 annui
1080 2481 1254 2575 quindecies
1267 2491 1373 2546 cente-

219 2595 293 2640 num
306 2577 434 2643 millium
447 2576 585 2641 Realium
598 2577 706 2641 confici
720 2578 854 2663 possint,
871 2587 906 2641 ut
916 2580 961 2651 ita
971 2579 1180 2642 et-retlneatur
1195 2579 1326 2660 dignitas
1341 2589 1372 2644 ct

218 2674 378 2736 necessarii
393 2672 491 2736 ordini
506 2680 661 2755 sumptus,
674 2681 705 2737 et
717 2663 1001 2754 benemerentibus,
1024 2696 1060 2740 ac
1070 2677 1181 2740 virtute
1193 2677 1326 2759 preditis
1340 2680 1370 2742 in

219 2771 327 2833 eodem
338 2771 442 2833 ordine
452 2771 578 2851 praemia
589 2777 765 2852 suppetant.
777 2772 947 2833 Plenariam
958 2779 1101 2852 preterea
1114 2781 1310 2852 peccatorum
1320 2775 1372 2847 in·-

219 2868 405 2948 dnlgentiam
412 2867 544 2948 benigne
560 2867 705 2951 largimur
716 2868 858 2929 omnibus
872 2868 924 2948 qui
938 2868 969 2928 in
985 2886 1022 2928 eo
1034 2857 1138 2928 ordine
1153 2867 1270 2946 insigne
1282 2887 1372 2942 acce-

219 2965 336 3047 perint,
348 2971 381 3027 et
397 2964 450 3055 qui
465 2961 611 3042 confessi,
626 2981 662 3025 ac
675 2981 763 3026 sacra
774 2963 987 3029 communione
1002 2963 1125 3041 reiecti,
1144 2965 1301 3046 Deumque
1315 2985 1372 3047 pro

219 3065 251 3125 S.
273 3060 412 3124 Ecclesiae
425 3058 606 3122 exaltatione
628 3060 685 3122 rite
702 3058 813 3126 luerim
830 3060 984 3145 deprecati
995 3078 1037 3148 ,ac
1052 3049 1267 3141 iureiurando,
1286 3053 1371 3144 quod

218 3159 403 3241 prestabant
412 3176 450 3232 ea
462 3156 605 3235 formula,
627 3175 659 3220 se
673 3175 712 3220 ex
727 3157 828 3220 animo
841 3149 1056 3227 obstrinxerdnt
1066 3159 1198 3221 victuros
1209 3175 1242 3221 se
1255 3150 1321 3223 ess'e
1339 3160 1370 3224 in

218 3256 278 3317 fide
294 3255 462 3342 catholica,
482 3254 514 3316 in
535 3270 630 3345 eaque
650 3253 831 3335 morituros,
848 3274 884 3318 ac
903 3256 965 3336 regi
983 3256 1093 3336 fidem,
1117 3255 1314 3366 obsequium,
1334 3278 1371 3322 ac

218 3351 420 3432 obedientiam
439 3367 558 3441 semper
573 3350 797 3421 accuratissime
811 3351 1012 3442 praestituros,
1034 3371 1132 3435 neque
1152 3352 1320 3436 qumquam
1338 3356 1370 3420 in

218 3469 306 3528 eum,
324 3451 355 3511 in
366 3448 489 3535 Regiam
500 3449 647 3532 Dommn,
658 3445 846 3529 regnumque
858 3448 905 3510 vel
922 3448 1034 3511 directe
1044 3437 1091 3511 vel
1103 3437 1266 3528 indirecte,
1280 3469 1369 3547 aquo

218 3548 266 3608 uel
277 3547 342 3626 ipsa
351 3545 492 3629 cogitatio
509 3550 544 3605 at
555 3563 573 3610 a
583 3543 710 3623 nefario,
721 3550 751 3605 et
762 3543 978 3624 impiosoelere
990 3545 1152 3619 auertenda
1164 3552 1221 3624 cst,
1234 3565 1369 3644 unquam
1484 3553 1487 3560 '

219 3642 387 3707 molituros.
411 3639 561 3711 Eamdem
585 3639 709 3709 demum
730 3640 900 3728 plenariam
921 3641 1139 3722 indulgentiam
1164 3641 1319 3722 largimur,
1339 3651 1369 3706 et

218 3737 413 3805 concedimus
430 3734 571 3798 omnibus
591 3753 626 3810 ex
651 3755 688 3798 eo
705 3736 825 3813 ordine,
844 3739 899 3828 ¹qut
917 3738 947 3800 in
968 3739 1034 3820 ipso
1048 3739 1370 3831 Conceptionisbeata

218 3835 320 3910 Mariae
340 3833 469 3921 Virginis
486 3830 583 3912 sesto,
615 3833 698 3921 quod
722 3834 778 3930 ipsi
799 3837 949 3926 praecipue
971 3856 1007 3899 ex
1032 3837 1168 3912 instituto
1190 3838 1368 3903 celebraturi

218 3939 306 3996 erunt
315 3980 324 4015 ,
342 3933 389 3995 vel
405 3933 436 4006 ia
450 3930 585 4006 Ecclesia
598 3932 630 3992 S.
650 3933 799 4008 Frandsci
814 3922 927 4006 Matriti
944 3935 1034 4018 vulgo
1049 3936 1069 3998 il
1083 3936 1217 4014 Grande,
1234 3937 1282 3999 rel
1298 3955 1368 4018 epm

218 4048 271 4090 rex
286 4029 349 4110 ipse
362 4028 511 4107 intererit,
526 4028 556 4090 in
569 4029 652 4117 regia
665 4030 773 4099 Palatii
785 4032 942 4114 cappella,
957 4031 1217 4131 confessipariter,
1233 4051 1269 4096 ac
1282 4050 1368 4099 sacra

219 4126 431 4189 communione
451 4125 554 4188 reiecti
573 4124 701 4204 fuerint,
713 4126 933 4210 Deumquerite
947 4136 977 4192 et
989 4149 1046 4227 pro
1058 4130 1210 4192 Catholica
1222 4129 1366 4211 Ecclesia,

218 4229 249 4283 et
259 4241 315 4304 pro
329 4224 421 4302 regis,
436 4223 579 4302 regnique
597 4223 803 4288 incolumitate
820 4228 980 4290 oraverint.
996 4217 1095 4310 Atque
1105 4228 1162 4290 hos
1174 4226 1297 4308 quidem
1309 4229 1368 4292 be-

218 4319 370 4400 nignitatis
383 4308 552 4401 apostolice
562 4320 695 4400 fructus,
708 4343 785 4404 quos
797 4325 1036 4388 luculentissimo
1051 4345 1121 4406 erga
1132 4325 1320 4389 carissimum
1336 4328 1367 4388 in

218 4417 336 4477 Christo
356 4416 470 4495 tilium,
492 4420 616 4499 ejusque
635 4420 751 4501 regium
771 4421 909 4484 ordinem
928 4423 1029 4485 animo
1051 4422 1240 4504 impertimur
1258 4423 1367 4505 pignus

217 4513 370 4594 quoddam
382 4533 448 4576 esse
463 4515 601 4577 volumus
616 4536 722 4579 eorum
735 4563 742 4595 ,
755 4536 821 4597 quae
836 4517 1034 4599 imposterum
1051 4517 1230 4599 impertituri
1245 4536 1365 4593 sumam,

1217 4629 1260 4680 12.
