<?xml version="1.0" encoding="UTF-8"?>
<!DOCTYPE html PUBLIC "-//W3C//DTD XHTML 1.0 Transitional//EN"
    "http://www.w3.org/TR/xhtml1/DTD/xhtml1-transitional.dtd">
<html xmlns="http://www.w3.org/1999/xhtml" xml:lang="en" lang="en">
 <head>
  <title>
</title>
<meta http-equiv="Content-Type" content="text/html;charset=utf-8" />
  <meta name='ocr-system' content='tesseract 3.04.00' />
  <meta name='ocr-capabilities' content='ocr_page ocr_carea ocr_par ocr_line ocrx_word'/>
</head>
<body>
  <div class='ocr_page' id='page_1' title='image "./clementisxivpon00clemgoog_0401.png"; bbox 0 0 3188 5414; ppageno 0'>
   <div class='ocr_carea' id='block_1_1' title="bbox 225 525 1437 3439">
    <p class='ocr_par' dir='ltr' id='par_1_1' title="bbox 245 525 963 585">
     <span class='ocr_line' id='line_1_1' title="bbox 245 525 963 585; baseline 0 -7"><span class='ocrx_word' id='word_1_1' title='bbox 245 528 297 578; x_wconf 76' lang='lat'>378</span> <span class='ocrx_word' id='word_1_2' title='bbox 419 577 423 585; x_wconf 64' lang='grc'><strong><em>,</em></strong></span> <span class='ocrx_word' id='word_1_3' title='bbox 676 526 879 580; x_wconf 74' lang='lat' dir='ltr'>CLElllEll&#39;slS</span> <span class='ocrx_word' id='word_1_4' title='bbox 898 525 963 578; x_wconf 88' lang='lat' dir='ltr'>XlV</span> 
     </span>
    </p>

    <p class='ocr_par' dir='ltr' id='par_1_2' title="bbox 238 627 1396 1490">
     <span class='ocr_line' id='line_1_2' title="bbox 243 627 1396 706; baseline 0.001 -17"><span class='ocrx_word' id='word_1_5' title='bbox 243 630 272 689; x_wconf 92' lang='lat' dir='ltr'>in</span> <span class='ocrx_word' id='word_1_6' title='bbox 290 629 405 690; x_wconf 89' lang='lat' dir='ltr'>Christo</span> <span class='ocrx_word' id='word_1_7' title='bbox 420 632 538 706; x_wconf 86' lang='lat' dir='ltr'>Patres,</span> <span class='ocrx_word' id='word_1_8' title='bbox 555 629 642 690; x_wconf 89' lang='lat' dir='ltr'>amici</span> <span class='ocrx_word' id='word_1_9' title='bbox 655 629 837 691; x_wconf 79' lang='lat' dir='ltr'>charissimi!</span> <span class='ocrx_word' id='word_1_10' title='bbox 850 632 892 690; x_wconf 87' lang='lat' dir='ltr'>Ex</span> <span class='ocrx_word' id='word_1_11' title='bbox 912 629 990 690; x_wconf 89' lang='lat' dir='ltr'>datis</span> <span class='ocrx_word' id='word_1_12' title='bbox 1010 627 1047 689; x_wconf 86' lang='lat' dir='ltr'>ad</span> <span class='ocrx_word' id='word_1_13' title='bbox 1061 629 1121 690; x_wconf 93' lang='lat' dir='ltr'>Nos</span> <span class='ocrx_word' id='word_1_14' title='bbox 1142 627 1396 690; x_wconf 85' lang='lat' dir='ltr'>aReverendissi·</span> 
     </span>
     <span class='ocr_line' id='line_1_3' title="bbox 243 724 1395 806; baseline -0.002 -20"><span class='ocrx_word' id='word_1_15' title='bbox 243 726 299 786; x_wconf 87' lang='lat' dir='ltr'>mis</span> <span class='ocrx_word' id='word_1_16' title='bbox 317 728 546 789; x_wconf 85' lang='lat' dir='ltr'>Paternitatibus</span> <span class='ocrx_word' id='word_1_17' title='bbox 559 726 664 787; x_wconf 87' lang='lat' dir='ltr'>vestris</span> <span class='ocrx_word' id='word_1_18' title='bbox 677 726 725 787; x_wconf 90' lang='lat' dir='ltr'>die</span> <span class='ocrx_word' id='word_1_19' title='bbox 744 725 987 806; x_wconf 84' lang='lat' dir='ltr'>vigesimatertia</span> <span class='ocrx_word' id='word_1_20' title='bbox 1005 724 1116 786; x_wconf 83' lang='lat' dir='ltr'>mensis</span> <span class='ocrx_word' id='word_1_21' title='bbox 1129 742 1230 804; x_wconf 84' lang='lat' dir='ltr'>nuper</span> <span class='ocrx_word' id='word_1_22' title='bbox 1249 725 1343 806; x_wconf 88' lang='lat' dir='ltr'>elapsi</span> <span class='ocrx_word' id='word_1_23' title='bbox 1360 726 1395 785; x_wconf 87' lang='lat' dir='ltr'>li-</span> 
     </span>
     <span class='ocr_line' id='line_1_4' title="bbox 241 823 1394 906; baseline 0 -20"><span class='ocrx_word' id='word_1_24' title='bbox 241 825 312 889; x_wconf 88' lang='lat' dir='ltr'>teris</span> <span class='ocrx_word' id='word_1_25' title='bbox 324 824 408 904; x_wconf 78' lang='lat' dir='ltr'>gravi</span> <span class='ocrx_word' id='word_1_26' title='bbox 429 825 617 906; x_wconf 78' lang='lat' dir='ltr'>percepimus</span> <span class='ocrx_word' id='word_1_27' title='bbox 634 843 777 901; x_wconf 88' lang='lat' dir='ltr'>moerore,</span> <span class='ocrx_word' id='word_1_28' title='bbox 796 843 950 886; x_wconf 92' lang='lat' dir='ltr'>summum</span> <span class='ocrx_word' id='word_1_29' title='bbox 968 823 1107 885; x_wconf 76' lang='lat' dir='ltr'>Ecclesia</span> <span class='ocrx_word' id='word_1_30' title='bbox 1126 823 1309 886; x_wconf 86' lang='lat' dir='ltr'>Pontificem</span> <span class='ocrx_word' id='word_1_31' title='bbox 1331 826 1394 887; x_wconf 90' lang='lat' dir='ltr'>Cle-</span> 
     </span>
     <span class='ocr_line' id='line_1_5' title="bbox 241 918 1394 1001; baseline 0.006 -25"><span class='ocrx_word' id='word_1_32' title='bbox 241 924 373 979; x_wconf 82' lang='lat' dir='ltr'>mentem</span> <span class='ocrx_word' id='word_1_33' title='bbox 401 919 556 990; x_wconf 83' lang='lat' dir='ltr'>Decimum</span> <span class='ocrx_word' id='word_1_34' title='bbox 585 927 727 1001; x_wconf 86' lang='lat' dir='ltr'>quartum</span> <span class='ocrx_word' id='word_1_35' title='bbox 749 919 923 1000; x_wconf 85' lang='lat' dir='ltr'>gravissimo</span> <span class='ocrx_word' id='word_1_36' title='bbox 944 918 1123 1001; x_wconf 91' lang='lat' dir='ltr'>implicitum</span> <span class='ocrx_word' id='word_1_37' title='bbox 1149 920 1297 983; x_wconf 90' lang='lat' dir='ltr'>morboe</span> <span class='ocrx_word' id='word_1_38' title='bbox 1325 922 1394 983; x_wconf 86' lang='lat' dir='ltr'>vivis</span> 
     </span>
     <span class='ocr_line' id='line_1_6' title="bbox 240 1015 1393 1099; baseline 0.007 -27"><span class='ocrx_word' id='word_1_39' title='bbox 240 1015 417 1093; x_wconf 71' lang='lat' dir='ltr'>excessisse,</span> <span class='ocrx_word' id='word_1_40' title='bbox 433 1017 595 1096; x_wconf 79' lang='lat' dir='ltr'>plurimam</span> <span class='ocrx_word' id='word_1_41' title='bbox 610 1017 774 1079; x_wconf 90' lang='lat' dir='ltr'>enimcum</span> <span class='ocrx_word' id='word_1_42' title='bbox 787 1016 858 1099; x_wconf 91' lang='lat' dir='ltr'>ipsis</span> <span class='ocrx_word' id='word_1_43' title='bbox 871 1016 1134 1078; x_wconf 89' lang='lat' dir='ltr'>accumuniversa</span> <span class='ocrx_word' id='word_1_44' title='bbox 1153 1018 1292 1079; x_wconf 80' lang='lat' dir='ltr'><strong>Ecclesia</strong></span> <span class='ocrx_word' id='word_1_45' title='bbox 1299 1021 1393 1097; x_wconf 87' lang='lat' dir='ltr'>jactu-</span> 
     </span>
     <span class='ocr_line' id='line_1_7' title="bbox 239 1111 1392 1197; baseline 0.005 -26"><span class='ocrx_word' id='word_1_46' title='bbox 239 1129 304 1173; x_wconf 90' lang='lat' dir='ltr'>ram</span> <span class='ocrx_word' id='word_1_47' title='bbox 319 1111 484 1192; x_wconf 80' lang='lat' dir='ltr'>dignissimi</span> <span class='ocrx_word' id='word_1_48' title='bbox 495 1113 630 1193; x_wconf 82' lang='lat' dir='ltr'>ejusdem</span> <span class='ocrx_word' id='word_1_49' title='bbox 640 1115 746 1197; x_wconf 87' lang='lat' dir='ltr'>capitis</span> <span class='ocrx_word' id='word_1_50' title='bbox 760 1114 915 1192; x_wconf 75' lang='lat' dir='ltr'>dolemnS‚</span> <span class='ocrx_word' id='word_1_51' title='bbox 926 1114 977 1194; x_wconf 93' lang='lat' dir='ltr'>qui</span> <span class='ocrx_word' id='word_1_52' title='bbox 986 1114 1026 1177; x_wconf 89' lang='lat' dir='ltr'>de</span> <span class='ocrx_word' id='word_1_53' title='bbox 1035 1113 1195 1176; x_wconf 82' lang='lat' dir='ltr'>Christiani</span> <span class='ocrx_word' id='word_1_54' title='bbox 1204 1116 1309 1197; x_wconf 90' lang='lat' dir='ltr'>popnli</span> <span class='ocrx_word' id='word_1_55' title='bbox 1320 1135 1392 1197; x_wconf 86' lang='lat' dir='ltr'>pace</span> 
     </span>
     <span class='ocr_line' id='line_1_8' title="bbox 240 1210 1390 1295; baseline 0.005 -26"><span class='ocrx_word' id='word_1_56' title='bbox 240 1227 275 1269; x_wconf 86' lang='lat' dir='ltr'>ac</span> <span class='ocrx_word' id='word_1_57' title='bbox 292 1210 505 1290; x_wconf 73' lang='lat' dir='ltr'>tranquillitate</span> <span class='ocrx_word' id='word_1_58' title='bbox 519 1212 682 1290; x_wconf 81' lang='lat' dir='ltr'>firmanda,</span> <span class='ocrx_word' id='word_1_59' title='bbox 695 1213 910 1293; x_wconf 85' lang='lat' dir='ltr'>¹servandaque</span> <span class='ocrx_word' id='word_1_60' title='bbox 930 1232 962 1275; x_wconf 90' lang='lat' dir='ltr'>se</span> <span class='ocrx_word' id='word_1_61' title='bbox 979 1232 1127 1295; x_wconf 87' lang='lat' dir='ltr'>perquam</span> <span class='ocrx_word' id='word_1_62' title='bbox 1145 1215 1390 1278; x_wconf 87' lang='lat' dir='ltr'>commendatum</span> 
     </span>
     <span class='ocr_line' id='line_1_9' title="bbox 238 1308 1391 1392; baseline 0.003 -23"><span class='ocrx_word' id='word_1_63' title='bbox 238 1308 383 1386; x_wconf 85' lang='lat' dir='ltr'>reddidit,</span> <span class='ocrx_word' id='word_1_64' title='bbox 403 1311 505 1392; x_wconf 90' lang='lat' dir='ltr'>sicque</span> <span class='ocrx_word' id='word_1_65' title='bbox 526 1311 654 1391; x_wconf 90' lang='lat' dir='ltr'>propriis</span> <span class='ocrx_word' id='word_1_66' title='bbox 675 1311 816 1373; x_wconf 85' lang='lat' dir='ltr'>Ecclesiae</span> <span class='ocrx_word' id='word_1_67' title='bbox 829 1310 996 1374; x_wconf 89' lang='lat' dir='ltr'>commodis</span> <span class='ocrx_word' id='word_1_68' title='bbox 1009 1330 1070 1374; x_wconf 93' lang='lat' dir='ltr'>non</span> <span class='ocrx_word' id='word_1_69' title='bbox 1086 1310 1189 1373; x_wconf 91' lang='lat' dir='ltr'>minus</span> <span class='ocrx_word' id='word_1_70' title='bbox 1203 1331 1295 1392; x_wconf 69' lang='lat' dir='ltr'>vquam</span> <span class='ocrx_word' id='word_1_71' title='bbox 1310 1331 1391 1373; x_wconf 91' lang='lat' dir='ltr'>com-</span> 
     </span>
     <span class='ocr_line' id='line_1_10' title="bbox 239 1407 744 1490; baseline 0.006 -24"><span class='ocrx_word' id='word_1_72' title='bbox 239 1407 322 1470; x_wconf 93' lang='lat' dir='ltr'>muni</span> <span class='ocrx_word' id='word_1_73' title='bbox 337 1410 425 1470; x_wconf 88' lang='lat' dir='ltr'>saluti</span> <span class='ocrx_word' id='word_1_74' title='bbox 439 1409 562 1490; x_wconf 80' lang='lat' dir='ltr'>previde</span> <span class='ocrx_word' id='word_1_75' title='bbox 573 1409 744 1471; x_wconf 86' lang='lat' dir='ltr'>consulerit.</span> 
     </span>
    </p>

    <p class='ocr_par' dir='ltr' id='par_1_3' title="bbox 237 1506 1389 1783">
     <span class='ocr_line' id='line_1_11' title="bbox 277 1506 1389 1587; baseline 0.004 -23"><span class='ocrx_word' id='word_1_76' title='bbox 277 1506 375 1568; x_wconf 88' lang='lat' dir='ltr'>Vestri</span> <span class='ocrx_word' id='word_1_77' title='bbox 395 1524 475 1568; x_wconf 91' lang='lat' dir='ltr'>nuno</span> <span class='ocrx_word' id='word_1_78' title='bbox 487 1507 544 1568; x_wconf 88' lang='lat' dir='ltr'>erit</span> <span class='ocrx_word' id='word_1_79' title='bbox 558 1506 808 1569; x_wconf 85' lang='lat' dir='ltr'>Reverendissimi</span> <span class='ocrx_word' id='word_1_80' title='bbox 820 1508 941 1583; x_wconf 89' lang='lat' dir='ltr'>Patres,</span> <span class='ocrx_word' id='word_1_81' title='bbox 961 1506 1088 1587; x_wconf 86' lang='lat' dir='ltr'>Spiritus</span> <span class='ocrx_word' id='word_1_82' title='bbox 1109 1507 1214 1568; x_wconf 83' lang='lat' dir='ltr'>Sancti</span> <span class='ocrx_word' id='word_1_83' title='bbox 1234 1506 1328 1569; x_wconf 89' lang='lat' dir='ltr'>ductu</span> <span class='ocrx_word' id='word_1_84' title='bbox 1350 1518 1389 1568; x_wconf 83' lang='lat' dir='ltr'>ta-</span> 
     </span>
     <span class='ocr_line' id='line_1_12' title="bbox 237 1597 1387 1688; baseline 0.002 -21"><span class='ocrx_word' id='word_1_85' title='bbox 237 1597 297 1668; x_wconf 90' lang='lat' dir='ltr'>lem</span> <span class='ocrx_word' id='word_1_86' title='bbox 308 1607 337 1667; x_wconf 93' lang='lat' dir='ltr'>in</span> <span class='ocrx_word' id='word_1_87' title='bbox 350 1607 415 1684; x_wconf 84' lang='lat' dir='ltr'>ejus</span> <span class='ocrx_word' id='word_1_88' title='bbox 427 1607 528 1668; x_wconf 92' lang='lat' dir='ltr'>locum</span> <span class='ocrx_word' id='word_1_89' title='bbox 538 1606 667 1686; x_wconf 80' lang='lat' dir='ltr'>deligere</span> <span class='ocrx_word' id='word_1_90' title='bbox 677 1606 871 1683; x_wconf 85' lang='lat' dir='ltr'>Pontificem,</span> <span class='ocrx_word' id='word_1_91' title='bbox 881 1606 932 1687; x_wconf 92' lang='lat' dir='ltr'>qui</span> <span class='ocrx_word' id='word_1_92' title='bbox 946 1605 1054 1686; x_wconf 81' lang='lat' dir='ltr'>dignus</span> <span class='ocrx_word' id='word_1_93' title='bbox 1068 1605 1146 1667; x_wconf 91' lang='lat' dir='ltr'>illius</span> <span class='ocrx_word' id='word_1_94' title='bbox 1160 1625 1320 1669; x_wconf 83' lang='lat' dir='ltr'>successor</span> <span class='ocrx_word' id='word_1_95' title='bbox 1329 1609 1387 1688; x_wconf 86' lang='lat' dir='ltr'>pari</span> 
     </span>
     <span class='ocr_line' id='line_1_13' title="bbox 237 1702 835 1783; baseline -0.002 -19"><span class='ocrx_word' id='word_1_96' title='bbox 237 1703 399 1766; x_wconf 77' lang='lat' dir='ltr'>cuncordia</span> <span class='ocrx_word' id='word_1_97' title='bbox 408 1704 550 1783; x_wconf 82' lang='lat' dir='ltr'>pacisque</span> <span class='ocrx_word' id='word_1_98' title='bbox 564 1702 663 1765; x_wconf 87' lang='lat' dir='ltr'>studio</span> <span class='ocrx_word' id='word_1_99' title='bbox 677 1704 835 1764; x_wconf 85' lang='lat' dir='ltr'>elucescat.</span> 
     </span>
    </p>

    <p class='ocr_par' dir='ltr' id='par_1_4' title="bbox 225 1800 1437 2465">
     <span class='ocr_line' id='line_1_14' title="bbox 277 1800 1386 1882; baseline -0.001 -20"><span class='ocrx_word' id='word_1_100' title='bbox 277 1804 370 1863; x_wconf 88' lang='lat' dir='ltr'>llanc</span> <span class='ocrx_word' id='word_1_101' title='bbox 382 1802 567 1882; x_wconf 85' lang='lat' dir='ltr'>peculiarem</span> <span class='ocrx_word' id='word_1_102' title='bbox 582 1801 645 1862; x_wconf 85' lang='lat' dir='ltr'>fore</span> <span class='ocrx_word' id='word_1_103' title='bbox 658 1801 809 1881; x_wconf 77' lang='lat' dir='ltr'>praesentis</span> <span class='ocrx_word' id='word_1_104' title='bbox 830 1800 980 1861; x_wconf 82' lang='lat' dir='ltr'>conclavis</span> <span class='ocrx_word' id='word_1_105' title='bbox 996 1819 1116 1877; x_wconf 89' lang='lat' dir='ltr'>curam,</span> <span class='ocrx_word' id='word_1_106' title='bbox 1132 1800 1223 1863; x_wconf 87' lang='lat' dir='ltr'>enixa</span> <span class='ocrx_word' id='word_1_107' title='bbox 1241 1808 1339 1863; x_wconf 83' lang='lat' dir='ltr'>vestra</span> <span class='ocrx_word' id='word_1_108' title='bbox 1355 1802 1386 1863; x_wconf 87' lang='lat' dir='ltr'>dr</span> 
     </span>
     <span class='ocr_line' id='line_1_15' title="bbox 236 1896 1387 1977; baseline 0.003 -22"><span class='ocrx_word' id='word_1_109' title='bbox 236 1897 374 1959; x_wconf 77' lang='lat' dir='ltr'>Ecclesia</span> <span class='ocrx_word' id='word_1_110' title='bbox 395 1898 476 1959; x_wconf 94' lang='lat' dir='ltr'>bono</span> <span class='ocrx_word' id='word_1_111' title='bbox 490 1905 521 1959; x_wconf 92' lang='lat' dir='ltr'>et</span> <span class='ocrx_word' id='word_1_112' title='bbox 540 1897 579 1958; x_wconf 90' lang='lat' dir='ltr'>de</span> <span class='ocrx_word' id='word_1_113' title='bbox 594 1896 766 1958; x_wconf 84' lang='lat' dir='ltr'>Christiana</span> <span class='ocrx_word' id='word_1_114' title='bbox 780 1896 963 1977; x_wconf 82' lang='lat' dir='ltr'>Reipublicae</span> <span class='ocrx_word' id='word_1_115' title='bbox 977 1896 1145 1958; x_wconf 87' lang='lat' dir='ltr'>rationibus</span> <span class='ocrx_word' id='word_1_116' title='bbox 1163 1898 1337 1960; x_wconf 89' lang='lat' dir='ltr'>sollicitudo</span> <span class='ocrx_word' id='word_1_117' title='bbox 1351 1899 1387 1959; x_wconf 93' lang='lat' dir='ltr'>in-</span> 
     </span>
     <span class='ocr_line' id='line_1_16' title="bbox 225 1993 1387 2075; baseline 0.001 -20"><span class='ocrx_word' id='word_1_118' title='bbox 225 1993 360 2058; x_wconf 89' lang='lat' dir='ltr'>&#39;dubiam</span> <span class='ocrx_word' id='word_1_119' title='bbox 381 1996 493 2075; x_wconf 80' lang='lat' dir='ltr'>prebet</span> <span class='ocrx_word' id='word_1_120' title='bbox 512 1994 677 2056; x_wconf 87' lang='lat' dir='ltr'>fiduciam:</span> <span class='ocrx_word' id='word_1_121' title='bbox 698 2012 824 2074; x_wconf 85' lang='lat' dir='ltr'>quaeque</span> <span class='ocrx_word' id='word_1_122' title='bbox 842 2001 1015 2055; x_wconf 86' lang='lat' dir='ltr'>nostrarum</span> <span class='ocrx_word' id='word_1_123' title='bbox 1027 2001 1097 2054; x_wconf 91' lang='lat' dir='ltr'>sunt</span> <span class='ocrx_word' id='word_1_124' title='bbox 1108 1993 1263 2073; x_wconf 88' lang='lat' dir='ltr'>partium,</span> <span class='ocrx_word' id='word_1_125' title='bbox 1279 1995 1350 2073; x_wconf 86' lang='lat' dir='ltr'>nihil</span> <span class='ocrx_word' id='word_1_126' title='bbox 1362 1996 1387 2056; x_wconf 93' lang='lat' dir='ltr'>in</span> 
     </span>
     <span class='ocr_line' id='line_1_17' title="bbox 235 2090 1437 2174; baseline 0 -23"><span class='ocrx_word' id='word_1_127' title='bbox 235 2090 271 2151; x_wconf 90' lang='lat' dir='ltr'>iis</span> <span class='ocrx_word' id='word_1_128' title='bbox 292 2094 556 2172; x_wconf 88' lang='lat' dir='ltr'>praetermittemus</span> <span class='ocrx_word' id='word_1_129' title='bbox 569 2139 577 2170; x_wconf 93' lang='lat'>,</span> <span class='ocrx_word' id='word_1_130' title='bbox 589 2113 657 2174; x_wconf 89' lang='lat' dir='ltr'>quae</span> <span class='ocrx_word' id='word_1_131' title='bbox 672 2093 710 2153; x_wconf 86' lang='lat' dir='ltr'>cd</span> <span class='ocrx_word' id='word_1_132' title='bbox 724 2093 815 2153; x_wconf 90' lang='lat' dir='ltr'>Primi</span> <span class='ocrx_word' id='word_1_133' title='bbox 829 2092 970 2154; x_wconf 87' lang='lat' dir='ltr'>Ecclesiae</span> <span class='ocrx_word' id='word_1_134' title='bbox 983 2091 1227 2169; x_wconf 83' lang='lat' dir='ltr'>Catholicatilii,</span> <span class='ocrx_word' id='word_1_135' title='bbox 1241 2094 1388 2172; x_wconf 89' lang='lat' dir='ltr'>ejusdem·</span> <span class='ocrx_word' id='word_1_136' title='bbox 1433 2139 1437 2151; x_wconf 88' lang='lat'>.</span> 
     </span>
     <span class='ocr_line' id='line_1_18' title="bbox 234 2188 1386 2277; baseline 0.002 -27"><span class='ocrx_word' id='word_1_137' title='bbox 234 2209 294 2268; x_wconf 90' lang='lat' dir='ltr'>que</span> <span class='ocrx_word' id='word_1_138' title='bbox 318 2210 353 2253; x_wconf 92' lang='lat' dir='ltr'>ac</span> <span class='ocrx_word' id='word_1_139' title='bbox 378 2190 462 2254; x_wconf 85' lang='lat' dir='ltr'>Sedis</span> <span class='ocrx_word' id='word_1_140' title='bbox 482 2190 661 2271; x_wconf 83' lang='lat' dir='ltr'>Apostolicae</span> <span class='ocrx_word' id='word_1_141' title='bbox 685 2189 822 2251; x_wconf 88' lang='lat' dir='ltr'>advocati</span> <span class='ocrx_word' id='word_1_142' title='bbox 848 2188 1065 2277; x_wconf 50' lang='lat' dir='ltr'>et·delensoris</span> <span class='ocrx_word' id='word_1_143' title='bbox 1092 2207 1207 2251; x_wconf 91' lang='lat' dir='ltr'>munus</span> <span class='ocrx_word' id='word_1_144' title='bbox 1227 2192 1386 2272; x_wconf 81' lang='lat' dir='ltr'>pertinent,</span> 
     </span>
     <span class='ocr_line' id='line_1_19' title="bbox 235 2285 1389 2368; baseline 0.003 -22"><span class='ocrx_word' id='word_1_145' title='bbox 235 2285 337 2366; x_wconf 91' lang='lat' dir='ltr'>sicque</span> <span class='ocrx_word' id='word_1_146' title='bbox 350 2307 411 2350; x_wconf 95' lang='lat' dir='ltr'>non</span> <span class='ocrx_word' id='word_1_147' title='bbox 425 2287 524 2349; x_wconf 91' lang='lat' dir='ltr'>minor</span> <span class='ocrx_word' id='word_1_148' title='bbox 538 2293 642 2349; x_wconf 85' lang='lat' dir='ltr'>nostra</span> <span class='ocrx_word' id='word_1_149' title='bbox 658 2287 715 2348; x_wconf 90' lang='lat' dir='ltr'>erit</span> <span class='ocrx_word' id='word_1_150' title='bbox 726 2306 799 2348; x_wconf 89' lang='lat' dir='ltr'>cura</span> <span class='ocrx_word' id='word_1_151' title='bbox 810 2287 841 2347; x_wconf 92' lang='lat' dir='ltr'>in</span> <span class='ocrx_word' id='word_1_152' title='bbox 861 2285 1011 2348; x_wconf 82' lang='lat' dir='ltr'>fulciendo</span> <span class='ocrx_word' id='word_1_153' title='bbox 1028 2303 1148 2368; x_wconf 88' lang='lat' dir='ltr'>semper</span> <span class='ocrx_word' id='word_1_154' title='bbox 1158 2286 1246 2349; x_wconf 89' lang='lat' dir='ltr'>inter</span> <span class='ocrx_word' id='word_1_155' title='bbox 1258 2289 1389 2351; x_wconf 81' lang='lat' dir='ltr'>sacerdo</span> 
     </span>
     <span class='ocr_line' id='line_1_20' title="bbox 235 2383 948 2465; baseline 0.007 -24"><span class='ocrx_word' id='word_1_156' title='bbox 235 2383 311 2443; x_wconf 89' lang='lat' dir='ltr'>tium</span> <span class='ocrx_word' id='word_1_157' title='bbox 325 2390 356 2445; x_wconf 91' lang='lat' dir='ltr'>et</span> <span class='ocrx_word' id='word_1_158' title='bbox 365 2384 525 2464; x_wconf 90' lang='lat' dir='ltr'>imperium</span> <span class='ocrx_word' id='word_1_159' title='bbox 539 2386 685 2447; x_wconf 92' lang='lat' dir='ltr'>constanti</span> <span class='ocrx_word' id='word_1_160' title='bbox 701 2384 837 2465; x_wconf 84' lang='lat' dir='ltr'>felicique</span> <span class='ocrx_word' id='word_1_161' title='bbox 850 2402 948 2446; x_wconf 85' lang='lat' dir='ltr'>nexu.</span> 
     </span>
    </p>

    <p class='ocr_par' dir='ltr' id='par_1_5' title="bbox 232 2479 1390 3439">
     <span class='ocr_line' id='line_1_21' title="bbox 274 2479 1388 2564; baseline 0.004 -25"><span class='ocrx_word' id='word_1_162' title='bbox 274 2482 316 2540; x_wconf 89' lang='lat' dir='ltr'>De</span> <span class='ocrx_word' id='word_1_163' title='bbox 326 2479 448 2541; x_wconf 90' lang='lat' dir='ltr'>sinceris</span> <span class='ocrx_word' id='word_1_164' title='bbox 457 2480 504 2541; x_wconf 90' lang='lat' dir='ltr'>his</span> <span class='ocrx_word' id='word_1_165' title='bbox 516 2481 607 2543; x_wconf 87' lang='lat' dir='ltr'>animi</span> <span class='ocrx_word' id='word_1_166' title='bbox 618 2483 712 2544; x_wconf 89' lang='lat' dir='ltr'>nostri</span> <span class='ocrx_word' id='word_1_167' title='bbox 722 2483 860 2545; x_wconf 90' lang='lat' dir='ltr'>sensibus</span> <span class='ocrx_word' id='word_1_168' title='bbox 870 2484 1050 2546; x_wconf 90' lang='lat' dir='ltr'>constitutus</span> <span class='ocrx_word' id='word_1_169' title='bbox 1060 2483 1221 2564; x_wconf 89' lang='lat' dir='ltr'>hucusque</span> <span class='ocrx_word' id='word_1_170' title='bbox 1231 2503 1325 2564; x_wconf 88' lang='lat' dir='ltr'>penes</span> <span class='ocrx_word' id='word_1_171' title='bbox 1334 2487 1388 2545; x_wconf 86' lang='lat' dir='ltr'>Nos</span> 
     </span>
     <span class='ocr_line' id='line_1_22' title="bbox 234 2575 1388 2661; baseline 0.004 -23"><span class='ocrx_word' id='word_1_172' title='bbox 234 2575 318 2638; x_wconf 88' lang='lat' dir='ltr'>Sedis</span> <span class='ocrx_word' id='word_1_173' title='bbox 330 2577 509 2657; x_wconf 76' lang='lat' dir='ltr'>Apostolicae</span> <span class='ocrx_word' id='word_1_174' title='bbox 527 2580 650 2642; x_wconf 90' lang='lat' dir='ltr'>nuntius</span> <span class='ocrx_word' id='word_1_175' title='bbox 661 2579 937 2644; x_wconf 86' lang='lat' dir='ltr'>Reverendissimus</span> <span class='ocrx_word' id='word_1_176' title='bbox 945 2582 1110 2649; x_wconf 87' lang='lat' dir='ltr'>Cardinalis</span> <span class='ocrx_word' id='word_1_177' title='bbox 1119 2582 1278 2661; x_wconf 83' lang='lat' dir='ltr'>Eugenius</span> <span class='ocrx_word' id='word_1_178' title='bbox 1293 2601 1310 2643; x_wconf 94' lang='lat' dir='ltr'>e</span> <span class='ocrx_word' id='word_1_179' title='bbox 1322 2582 1388 2643; x_wconf 90' lang='lat' dir='ltr'>Vicc</span> 
     </span>
     <span class='ocr_line' id='line_1_23' title="bbox 234 2672 1387 2759; baseline 0.006 -27"><span class='ocrx_word' id='word_1_180' title='bbox 234 2672 395 2733; x_wconf 89' lang='lat' dir='ltr'>comitibus</span> <span class='ocrx_word' id='word_1_181' title='bbox 416 2692 471 2754; x_wconf 94' lang='lat' dir='ltr'>pro</span> <span class='ocrx_word' id='word_1_182' title='bbox 491 2681 626 2755; x_wconf 86' lang='lat' dir='ltr'>spectata</span> <span class='ocrx_word' id='word_1_183' title='bbox 645 2695 700 2738; x_wconf 88' lang='lat' dir='ltr'>sua</span> <span class='ocrx_word' id='word_1_184' title='bbox 714 2675 883 2756; x_wconf 79' lang='lat' dir='ltr'>integritate</span> <span class='ocrx_word' id='word_1_185' title='bbox 906 2697 943 2740; x_wconf 88' lang='lat' dir='ltr'>ao</span> <span class='ocrx_word' id='word_1_186' title='bbox 959 2679 1273 2759; x_wconf 80' lang='lat' dir='ltr'>insigniperspicacia</span> <span class='ocrx_word' id='word_1_187' title='bbox 1283 2725 1293 2757; x_wconf 87' lang='lat'>,</span> <span class='ocrx_word' id='word_1_188' title='bbox 1310 2678 1387 2740; x_wconf 87' lang='lat' dir='ltr'>vobis</span> 
     </span>
     <span class='ocr_line' id='line_1_24' title="bbox 234 2770 1389 2857; baseline 0.004 -26"><span class='ocrx_word' id='word_1_189' title='bbox 234 2770 329 2832; x_wconf 82' lang='lat' dir='ltr'>fidum</span> <span class='ocrx_word' id='word_1_190' title='bbox 347 2771 429 2833; x_wconf 86' lang='lat' dir='ltr'>haud</span> <span class='ocrx_word' id='word_1_191' title='bbox 449 2771 538 2834; x_wconf 90' lang='lat' dir='ltr'>dubie</span> <span class='ocrx_word' id='word_1_192' title='bbox 552 2773 656 2836; x_wconf 90' lang='lat' dir='ltr'>reddet</span> <span class='ocrx_word' id='word_1_193' title='bbox 678 2773 910 2852; x_wconf 92' lang='lat' dir='ltr'>documentum,</span> <span class='ocrx_word' id='word_1_194' title='bbox 926 2776 1042 2857; x_wconf 89' lang='lat' dir='ltr'>hosque</span> <span class='ocrx_word' id='word_1_195' title='bbox 1062 2777 1183 2857; x_wconf 90' lang='lat' dir='ltr'>insuper</span> <span class='ocrx_word' id='word_1_196' title='bbox 1198 2777 1389 2841; x_wconf 84' lang='lat' dir='ltr'>confirmabit</span> 
     </span>
     <span class='ocr_line' id='line_1_25' title="bbox 233 2870 1390 2954; baseline 0.005 -24"><span class='ocrx_word' id='word_1_197' title='bbox 233 2876 297 2931; x_wconf 88' lang='lat' dir='ltr'>tam</span> <span class='ocrx_word' id='word_1_198' title='bbox 309 2870 583 2933; x_wconf 88' lang='lat' dir='ltr'>Reverendissimus</span> <span class='ocrx_word' id='word_1_199' title='bbox 597 2871 761 2933; x_wconf 83' lang='lat' dir='ltr'>Cardinalis</span> <span class='ocrx_word' id='word_1_200' title='bbox 774 2872 944 2935; x_wconf 81' lang='lat' dir='ltr'>Alexander</span> <span class='ocrx_word' id='word_1_201' title='bbox 958 2874 1110 2951; x_wconf 78' lang='lat' dir='ltr'>Albanus,</span> <span class='ocrx_word' id='word_1_202' title='bbox 1125 2893 1222 2954; x_wconf 90' lang='lat' dir='ltr'>quam</span> <span class='ocrx_word' id='word_1_203' title='bbox 1237 2874 1390 2954; x_wconf 85' lang='lat' dir='ltr'>designan-</span> 
     </span>
     <span class='ocr_line' id='line_1_26' title="bbox 233 2966 1389 3050; baseline 0.005 -23"><span class='ocrx_word' id='word_1_204' title='bbox 233 2966 290 3028; x_wconf 90' lang='lat' dir='ltr'>dus</span> <span class='ocrx_word' id='word_1_205' title='bbox 302 2967 340 3028; x_wconf 87' lang='lat' dir='ltr'>ad</span> <span class='ocrx_word' id='word_1_206' title='bbox 354 2969 499 3029; x_wconf 85' lang='lat' dir='ltr'>Conclave</span> <span class='ocrx_word' id='word_1_207' title='bbox 512 2972 662 3030; x_wconf 79' lang='lat' dir='ltr'>Caesareus</span> <span class='ocrx_word' id='word_1_208' title='bbox 678 2975 780 3030; x_wconf 88' lang='lat' dir='ltr'>noster</span> <span class='ocrx_word' id='word_1_209' title='bbox 798 2977 912 3031; x_wconf 91' lang='lat' dir='ltr'>orator.</span> <span class='ocrx_word' id='word_1_210' title='bbox 930 2973 968 3030; x_wconf 89' lang='lat' dir='ltr'>Et</span> <span class='ocrx_word' id='word_1_211' title='bbox 981 2970 1062 3050; x_wconf 92' lang='lat' dir='ltr'>quod</span> <span class='ocrx_word' id='word_1_212' title='bbox 1072 2989 1162 3050; x_wconf 92' lang='lat' dir='ltr'>super</span> <span class='ocrx_word' id='word_1_213' title='bbox 1174 2978 1224 3032; x_wconf 86' lang='lat' dir='ltr'>est</span> <span class='ocrx_word' id='word_1_214' title='bbox 1238 2973 1389 3033; x_wconf 78' lang='lat' dir='ltr'>Reveren-</span> 
     </span>
     <span class='ocr_line' id='line_1_27' title="bbox 233 3063 1390 3146; baseline 0.003 -23"><span class='ocrx_word' id='word_1_215' title='bbox 233 3063 362 3124; x_wconf 88' lang='lat' dir='ltr'>dissimis</span> <span class='ocrx_word' id='word_1_216' title='bbox 384 3064 618 3126; x_wconf 87' lang='lat' dir='ltr'>Paternitatibus</span> <span class='ocrx_word' id='word_1_217' title='bbox 628 3064 744 3125; x_wconf 90' lang='lat' dir='ltr'>Vestris</span> <span class='ocrx_word' id='word_1_218' title='bbox 761 3065 901 3127; x_wconf 91' lang='lat' dir='ltr'>omnibus</span> <span class='ocrx_word' id='word_1_219' title='bbox 922 3074 953 3127; x_wconf 86' lang='lat' dir='ltr'>et</span> <span class='ocrx_word' id='word_1_220' title='bbox 977 3066 1099 3146; x_wconf 83' lang='lat' dir='ltr'>singulis</span> <span class='ocrx_word' id='word_1_221' title='bbox 1123 3067 1341 3129; x_wconf 75' lang='lat' dir='ltr'>benevolentiae</span> <span class='ocrx_word' id='word_1_222' title='bbox 1361 3076 1390 3128; x_wconf 89' lang='lat' dir='ltr'>et</span> 
     </span>
     <span class='ocr_line' id='line_1_28' title="bbox 232 3160 1390 3245; baseline 0.004 -26"><span class='ocrx_word' id='word_1_223' title='bbox 232 3160 333 3237; x_wconf 79' lang='lat' dir='ltr'>gratiae</span> <span class='ocrx_word' id='word_1_224' title='bbox 346 3169 455 3222; x_wconf 79' lang='lat' dir='ltr'>nostra</span> <span class='ocrx_word' id='word_1_225' title='bbox 473 3163 613 3222; x_wconf 82' lang='lat' dir='ltr'>Caesareae</span> <span class='ocrx_word' id='word_1_226' title='bbox 628 3160 772 3222; x_wconf 84' lang='lat' dir='ltr'>allectum</span> <span class='ocrx_word' id='word_1_227' title='bbox 783 3160 866 3224; x_wconf 91' lang='lat' dir='ltr'>hisce</span> <span class='ocrx_word' id='word_1_228' title='bbox 880 3181 1083 3245; x_wconf 89' lang='lat' dir='ltr'>perpropense</span> <span class='ocrx_word' id='word_1_229' title='bbox 1098 3163 1253 3244; x_wconf 89' lang='lat' dir='ltr'>impertire</span> <span class='ocrx_word' id='word_1_230' title='bbox 1271 3171 1302 3225; x_wconf 89' lang='lat' dir='ltr'>et</span> <span class='ocrx_word' id='word_1_231' title='bbox 1319 3183 1390 3226; x_wconf 89' lang='lat' dir='ltr'>con·</span> 
     </span>
     <span class='ocr_line' id='line_1_29' title="bbox 232 3260 1388 3342; baseline 0.004 -23"><span class='ocrx_word' id='word_1_232' title='bbox 232 3260 352 3321; x_wconf 82' lang='lat' dir='ltr'>firmare</span> <span class='ocrx_word' id='word_1_233' title='bbox 364 3262 512 3322; x_wconf 88' lang='lat' dir='ltr'>volumus.</span> <span class='ocrx_word' id='word_1_234' title='bbox 527 3264 640 3322; x_wconf 85' lang='lat' dir='ltr'>Delam</span> <span class='ocrx_word' id='word_1_235' title='bbox 652 3264 787 3332; x_wconf 82' lang='lat' dir='ltr'>Vtecnoe,</span> <span class='ocrx_word' id='word_1_236' title='bbox 798 3263 847 3322; x_wconf 80' lang='lat' dir='ltr'>cite</span> <span class='ocrx_word' id='word_1_237' title='bbox 863 3274 897 3324; x_wconf 83' lang='lat'>19</span> <span class='ocrx_word' id='word_1_238' title='bbox 911 3264 1037 3325; x_wconf 83' lang='lat' dir='ltr'>octobris</span> <span class='ocrx_word' id='word_1_239' title='bbox 1049 3282 1129 3324; x_wconf 86' lang='lat' dir='ltr'>occo</span> <span class='ocrx_word' id='word_1_240' title='bbox 1142 3267 1303 3326; x_wconf 80' lang='lat' dir='ltr'>millesimo</span> <span class='ocrx_word' id='word_1_241' title='bbox 1318 3284 1388 3342; x_wconf 87' lang='lat' dir='ltr'>sep-</span> 
     </span>
     <span class='ocr_line' id='line_1_30' title="bbox 236 3363 1211 3439; baseline 0.002 -19"><span class='ocrx_word' id='word_1_242' title='bbox 236 3364 447 3439; x_wconf 71' lang='lat' dir='ltr'>ticqeatesimo</span> <span class='ocrx_word' id='word_1_243' title='bbox 464 3364 681 3438; x_wconf 76' lang='lat' dir='ltr'>septuopestmo</span> <span class='ocrx_word' id='word_1_244' title='bbox 700 3366 919 3439; x_wconf 67' lang='lat' dir='ltr'>quartamque·</span> <span class='ocrx_word' id='word_1_245' title='bbox 934 3365 1030 3422; x_wconf 81' lang='lat' dir='ltr'>nostri</span> <span class='ocrx_word' id='word_1_246' title='bbox 1041 3363 1211 3422; x_wconf 78' lang='lat' dir='ltr'>tredecimo.</span> 
     </span>
    </p>
   </div>
   <div class='ocr_carea' id='block_1_2' title="bbox 1105 3479 1298 3534">
    <p class='ocr_par' dir='ltr' id='par_1_6' title="bbox 1105 3479 1298 3534">
     <span class='ocr_line' id='line_1_31' title="bbox 1105 3479 1298 3534; baseline 0.005 -4"><span class='ocrx_word' id='word_1_247' title='bbox 1105 3479 1298 3534; x_wconf 73' lang='lat' dir='ltr'>JOSEPHUS⁴</span> 
     </span>
    </p>
   </div>
   <div class='ocr_carea' id='block_1_3' title="bbox 774 3586 1271 3729">
    <p class='ocr_par' dir='ltr' id='par_1_7' title="bbox 774 3586 1271 3729">
     <span class='ocr_line' id='line_1_32' title="bbox 778 3586 1239 3641; baseline 0 -3"><span class='ocrx_word' id='word_1_248' title='bbox 778 3586 897 3640; x_wconf 76' lang='lat' dir='ltr'>Pennus</span> <span class='ocrx_word' id='word_1_249' title='bbox 918 3588 1076 3641; x_wconf 78' lang='lat' dir='ltr'>Aarornus</span> <span class='ocrx_word' id='word_1_250' title='bbox 1098 3587 1239 3640; x_wconf 81' lang='lat' dir='ltr'>Gnnnnn.</span> 
     </span>
     <span class='ocr_line' id='line_1_33' title="bbox 774 3673 1271 3729; baseline 0.002 -3"><span class='ocrx_word' id='word_1_251' title='bbox 774 3675 819 3726; x_wconf 63' lang='lat' dir='ltr'>vt.</span> <span class='ocrx_word' id='word_1_252' title='bbox 834 3673 884 3727; x_wconf 70' lang='lat' dir='ltr'>Cr.</span> <span class='ocrx_word' id='word_1_253' title='bbox 907 3676 1058 3728; x_wconf 82' lang='lat' dir='ltr'>Pnrncaes</span> <span class='ocrx_word' id='word_1_254' title='bbox 1077 3675 1271 3729; x_wconf 74' lang='lat' dir='ltr'>Cottonara</span> 
     </span>
    </p>
   </div>
   <div class='ocr_carea' id='block_1_4' title="bbox 717 3774 899 3787">
    <p class='ocr_par' dir='ltr' id='par_1_8' title="bbox 717 3774 899 3787">
     <span class='ocr_line' id='line_1_34' title="bbox 717 3774 899 3787; baseline 0.005 -1"><span class='ocrx_word' id='word_1_255' title='bbox 717 3774 899 3787; x_wconf 52' lang='lat'>1—0—2———5—</span> 
     </span>
    </p>
   </div>
   <div class='ocr_carea' id='block_1_5' title="bbox 710 3872 891 3942">
    <p class='ocr_par' dir='ltr' id='par_1_9' title="bbox 710 3872 891 3942">
     <span class='ocr_line' id='line_1_35' title="bbox 710 3872 891 3942; baseline 0 -1"><span class='ocrx_word' id='word_1_256' title='bbox 710 3903 713 3909; x_wconf 94' lang='lat'>·</span> <span class='ocrx_word' id='word_1_257' title='bbox 728 3872 891 3942; x_wconf 86' lang='lat' dir='ltr'>CCCXlll.</span> 
     </span>
    </p>
   </div>
   <div class='ocr_carea' id='block_1_6' title="bbox 230 4020 1393 4200">
    <p class='ocr_par' dir='ltr' id='par_1_10' title="bbox 230 4020 1393 4200">
     <span class='ocr_line' id='line_1_36' title="bbox 497 4020 1352 4090; baseline 0.012 -30"><span class='ocrx_word' id='word_1_258' title='bbox 497 4020 664 4063; x_wconf 79' lang='lat' dir='ltr'>canissrno</span> <span class='ocrx_word' id='word_1_259' title='bbox 687 4024 719 4063; x_wconf 78' lang='lat' dir='ltr'>in</span> <span class='ocrx_word' id='word_1_260' title='bbox 744 4023 978 4090; x_wconf 72' lang='lat' dir='ltr'>cnnrsronrnro</span> <span class='ocrx_word' id='word_1_261' title='bbox 1000 4025 1118 4077; x_wconf 77' lang='lat' dir='ltr'>nesrac</span> <span class='ocrx_word' id='word_1_262' title='bbox 1349 4074 1352 4078; x_wconf 68' lang='grc'><em>,</em></span> 
     </span>
     <span class='ocr_line' id='line_1_37' title="bbox 230 4108 1393 4200; baseline -0.001 -26"><span class='ocrx_word' id='word_1_263' title='bbox 230 4108 428 4174; x_wconf 73' lang='lat' dir='ltr'>luculleo</span> <span class='ocrx_word' id='word_1_264' title='bbox 455 4109 638 4179; x_wconf 79' lang='lat' dir='ltr'><strong>AUGUSTO</strong></span> <span class='ocrx_word' id='word_1_265' title='bbox 660 4112 900 4174; x_wconf 86' lang='lat' dir='ltr'>FRANCORUM</span> <span class='ocrx_word' id='word_1_266' title='bbox 926 4113 1022 4173; x_wconf 85' lang='lat' dir='ltr'>REGI</span> <span class='ocrx_word' id='word_1_267' title='bbox 1042 4113 1393 4200; x_wconf 66' lang='lat' dir='ltr'>CHRISTIANlSSlMO·</span> 
     </span>
    </p>
   </div>
   <div class='ocr_carea' id='block_1_7' title="bbox 621 4217 986 4311">
    <p class='ocr_par' dir='ltr' id='par_1_11' title="bbox 621 4217 986 4311">
     <span class='ocr_line' id='line_1_38' title="bbox 621 4217 986 4311; baseline 0 -17"><span class='ocrx_word' id='word_1_268' title='bbox 621 4217 888 4311; x_wconf 66' lang='lat' dir='ltr'>PIUS;PAPA</span> <span class='ocrx_word' id='word_1_269' title='bbox 919 4219 986 4295; x_wconf 85' lang='lat' dir='ltr'>Vl.</span> 
     </span>
    </p>
   </div>
   <div class='ocr_carea' id='block_1_8' title="bbox 232 4351 1381 4619">
    <p class='ocr_par' dir='ltr' id='par_1_12' title="bbox 232 4351 1381 4619">
     <span class='ocr_line' id='line_1_39' title="bbox 989 4351 1321 4416; baseline -0.003 -15"><span class='ocrx_word' id='word_1_270' title='bbox 989 4355 1079 4416; x_wconf 77' lang='lat' dir='ltr'>Romae,</span> <span class='ocrx_word' id='word_1_271' title='bbox 1094 4359 1123 4402; x_wconf 78' lang='lat' dir='ltr'>ae</span> <span class='ocrx_word' id='word_1_272' title='bbox 1136 4351 1240 4416; x_wconf 76' lang='lat' dir='ltr'>ianuarii</span> <span class='ocrx_word' id='word_1_273' title='bbox 1253 4357 1321 4412; x_wconf 74' lang='grc'>1783.</span> 
     </span>
     <span class='ocr_line' id='line_1_40' title="bbox 272 4435 1381 4520; baseline 0.007 -28"><span class='ocrx_word' id='word_1_274' title='bbox 272 4435 447 4508; x_wconf 78' lang='lat' dir='ltr'>Carissimo,</span> <span class='ocrx_word' id='word_1_275' title='bbox 458 4441 514 4497; x_wconf 86' lang='lat' dir='ltr'>etc.</span> <span class='ocrx_word' id='word_1_276' title='bbox 530 4437 604 4501; x_wconf 88' lang='lat' dir='ltr'>Cum</span> <span class='ocrx_word' id='word_1_277' title='bbox 617 4437 749 4517; x_wconf 91' lang='lat' dir='ltr'>primum</span> <span class='ocrx_word' id='word_1_278' title='bbox 763 4437 907 4502; x_wconf 91' lang='lat' dir='ltr'>nunciata</span> <span class='ocrx_word' id='word_1_279' title='bbox 917 4439 1009 4500; x_wconf 88' lang='lat' dir='ltr'>Nobis</span> <span class='ocrx_word' id='word_1_280' title='bbox 1021 4446 1107 4504; x_wconf 87' lang='lat' dir='ltr'>crant</span> <span class='ocrx_word' id='word_1_281' title='bbox 1116 4458 1168 4518; x_wconf 88' lang='lat' dir='ltr'>ea,</span> <span class='ocrx_word' id='word_1_282' title='bbox 1179 4439 1381 4520; x_wconf 73' lang='lat' dir='ltr'>quaindlba</span> 
     </span>
     <span class='ocr_line' id='line_1_41' title="bbox 232 4528 1380 4619; baseline 0.004 -28"><span class='ocrx_word' id='word_1_283' title='bbox 232 4528 341 4593; x_wconf 77' lang='lat' dir='ltr'>[tussia</span> <span class='ocrx_word' id='word_1_284' title='bbox 355 4531 689 4614; x_wconf 70' lang='lat' dir='ltr'>Episcopus=‚·lllellensis</span> <span class='ocrx_word' id='word_1_285' title='bbox 702 4553 788 4615; x_wconf 80' lang='lat' dir='ltr'>agere</span> <span class='ocrx_word' id='word_1_286' title='bbox 799 4544 936 4618; x_wconf 22' lang='lat' dir='ltr'>&gt;coeperet</span> <span class='ocrx_word' id='word_1_287' title='bbox 947 4557 983 4610; x_wconf 87' lang='lat' dir='ltr'>ex</span> <span class='ocrx_word' id='word_1_288' title='bbox 1000 4537 1193 4607; x_wconf 79' lang='lat' dir='ltr'>facultatibus</span> <span class='ocrx_word' id='word_1_289' title='bbox 1203 4541 1259 4617; x_wconf 73' lang='lat' dir='ltr'>(ut</span> <span class='ocrx_word' id='word_1_290' title='bbox 1274 4536 1380 4619; x_wconf 73' lang='lat' dir='ltr'>ipsein</span> 
     </span>
    </p>
   </div>
   <div class='ocr_carea' id='block_1_9' title="bbox 0 0 1598 5414">
    <p class='ocr_par' dir='ltr' id='par_1_13' title="bbox 0 0 1598 5414">
     <span class='ocr_line' id='line_1_42' title="bbox 0 0 1598 5414; baseline 0 5"><span class='ocrx_word' id='word_1_291' title='bbox 0 0 1598 5414; x_wconf 95' lang='lat' dir='ltr'> </span> 
     </span>
    </p>
   </div>
  </div>
 </body>
</html>
