3188 5414
652 512 855 566 CLEIlIENTIS
873 513 938 565 XIV

740 671 877 740 CXLIV.

629 828 823 869 venarentur
847 828 957 868 ruerat

436 923 601 983 JOSEPIIO
621 925 922 985 ARCHIEPISCOPO
945 923 1151 984 COLOCENSI

534 1046 766 1124 CLEMENS
793 1048 922 1123 ΡΑΡΑ
949 1047 1054 1123 XIV.

1002 1195 1208 1257 Romar,221'uuii
1225 1200 1293 1245 llll.

269 1300 466 1371 Venerabilis,
479 1308 533 1361 etc.
548 1303 681 1363 Paternae
695 1302 828 1379 caritati,
838 1317 899 1381 qua
911 1298 1017 1360 Christi
1029 1298 1133 1360 fideles
1146 1317 1251 1362 omnes
1268 1300 1301 1361 in
1315 1304 1372 1362 Do

222 1395 306 1456 miuo
316 1395 556 1476 complectimur,
574 1397 647 1458 illud
659 1398 789 1459 maxime
800 1403 1036 1458 consentaneum
1053 1395 1182 1471 videtur,
1196 1402 1231 1456 ut
1242 1413 1372 1457 corum-

221 1492 291 1553 dem
305 1493 517 1573 temporalium
531 1494 622 1556 etiam
641 1495 871 1557 commodorum
891 1494 1038 1555 rationem
1058 1493 1240 1570 habeamus,
1258 1494 1372 1573 quibus

222 1592 388 1674 praesertim
411 1593 452 1655 illi
468 1593 506 1655 ad
520 1594 685 1674 spiritualia
702 1592 902 1655 consectanda
924 1591 989 1653 fieri
1013 1591 1222 1672 propensiores
1239 1591 1372 1653 alacrio-

221 1705 329 1767 resque
336 1688 451 1768 possint
458 1713 466 1767 3
479 1696 606 1769 utraque
617 1689 697 1751 enim
707 1689 749 1751 ita
757 1688 896 1770 componi
907 1696 937 1750 et
947 1687 1088 1749 constitui
1098 1687 1219 1764 debent,
1231 1693 1265 1748 ut
1276 1688 1371 1749 altera

218 1783 327 1847 'obesse
342 1786 443 1847 alteris
456 1793 615 1868 nequeant,
630 1788 682 1849 sed
696 1794 801 1849 mutua
815 1788 892 1849 inter
905 1805 936 1848 se
947 1786 1178 1866 temperatione,
1190 1786 1295 1866 quoad
1306 1786 1369 1847 lieri

221 1886 337 1958 potest,
352 1881 483 1944 maxime
504 1884 717 1964 provehantur.
742 1886 929 1965 Quapropter
945 1882 998 1943 etsi
1013 1883 1163 1962 praeoipue
1178 1882 1216 1943 ad
1232 1881 1369 1944 divinum

221 1980 355 2059 cultum,
372 1981 600 2064 animarumque
617 1983 745 2045 salutem
765 1988 868 2044 nostra
890 1979 1056 2062 Apostolici
1076 1979 1233 2041 mInisteril
1255 1980 1369 2041 sollici-

220 2081 294 2142 tudo
307 2100 452 2144 conversa
466 2081 523 2159 sit,
535 2088 638 2145 tamen
651 2079 802 2143 interdum
820 2097 856 2140 cx
870 2078 994 2140 minime
1007 2077 1142 2156 neglecta
1153 2077 1369 2157 temporalium

220 2193 324 2238 rerum
337 2178 561 2260 opportunitate
574 2196 636 2239 non
647 2178 746 2240 solum
760 2175 988 2255 impedimenta,
1000 2173 1023 2234 si
1034 2192 1095 2254 qua
1105 2174 1175 2250 sInt,
1188 2173 1301 2252 averti,
1317 2173 1369 2235 sod

220 2278 250 2331 et
263 2273 359 2334 multo
370 2273 488 2354 potiora
510 2274 549 2336 ad
562 2292 632 2335 eum
646 2274 736 2334 linem
746 2272 920 2351 adiumenta
934 2272 1103 2352 comparari
1117 2290 1205 2353 posse
1215 2274 1369 2352 cognosci-

220 2384 298 2428 mus.
318 2369 371 2430 His
383 2369 540 2431 inductum
552 2369 718 2431 rationibus
738 2368 790 2430 tel.
807 2367 1080 2429 resurrectorum
1098 2370 1166 2429 XIV
1179 2369 1368 2449 sapientissi-

220 2481 305 2525 mum
317 2466 566 2545 predecessorem
577 2472 715 2528 nostrum
725 2465 815 2527 luisse
828 2466 955 2544 scimus,
970 2467 1022 2547 qui
1035 2468 1073 2529 ad
1087 2487 1190 2549 preces
1205 2469 1368 2532 carissimae

220 2561 251 2622 iu
265 2563 382 2624 Christo
402 2563 470 2625 liliae
485 2569 595 2625 nostrae
607 2562 709 2624 Mariae
726 2562 874 2644 Therasiae
885 2565 1044 2644 Hungariae
1055 2567 1176 2646 Regina
1186 2569 1369 2648 Apostolioae

158 2677 162 2683 ·
219 2677 342 2722 necnon
351 2660 500 2722 Bohemiae
511 2661 629 2740 Reginae
636 2659 761 2722 Illustris
771 2660 802 2721 in
809 2662 1015 2722 Romanorum
1025 2664 1250 2742 Imperatricem
1259 2666 1368 2728 Electae

219 2753 323 2818 Vidua
341 2757 480 2836 Indulsit,
495 2765 529 2821 ut
542 2758 645 2820 fideles
659 2758 762 2841 populi
776 2764 862 2821 istius
883 2763 1015 2821 civitatis
1032 2769 1063 2823 et
1081 2763 1214 2825 diocesin
1238 2765 1368 2845 quibus-

218 2853 290 2916 dam
300 2856 414 2918 festivis
431 2855 538 2918 diebus
551 2862 668 2917 servato
681 2855 712 2916 in
722 2855 899 2918 corumdem
917 2856 1062 2919 fastorum
1076 2859 1197 2938 ulgiliis,
1213 2862 1368 2943 inquibus

218 2961 401 3035 praeceptum
416 2959 496 3032 erat,
509 2952 640 3033 jejunio,
660 2973 695 3015 ao
715 2953 818 3016 audita
830 2960 948 3015 tantum
963 2954 992 3016 iu
1016 2955 1123 3017 iisdem
1140 2958 1237 3020 Festis
1256 2959 1370 3032 Missa,

216 3051 376 3114 laboriosis
396 3071 519 3114 suarum
546 3051 656 3115 artium
683 3052 961 3129 exercitationibus,
990 3054 1204 3136 servilibusque
1225 3057 1369 3138 operibus

217 3167 327 3210 vacare
340 3157 474 3230 possent.
499 3149 558 3210 Sed
577 3168 615 3210 ex
633 3149 739 3210 cadem
759 3149 980 3229 dispensatIone
1002 3151 1077 3213 illud
1091 3152 1271 3233 postmodo,
1289 3154 1368 3216 sicut

218 3246 405 3326 accepimus,
425 3247 557 3308 evenisse
576 3245 795 3326 deprehensum
810 3253 870 3325 est,
892 3255 926 3309 ut
940 3248 989 3310 alii
1005 3249 1037 3310 in
1057 3269 1112 3313 suo
1134 3251 1262 3314 artificio
1275 3252 1368 3314 nimis

218 3342 357 3422 occupati
366 3348 550 3423 praeceptum
560 3341 698 3416 andlendi
709 3342 831 3403 Missam
842 3345 965 3407 omniuo
977 3347 1174 3428 negligerent,
1188 3349 1238 3411 alii
1248 3368 1320 3412 vero
1329 3369 1368 3412 ea

218 3437 398 3518 obligatione
410 3437 566 3518 J'ejunandi
577 3437 609 3499 in
622 3437 744 3518 vigiliis,
759 3445 789 3502 et
803 3440 941 3503 audiendi
953 3462 1073 3506 sacrum
1087 3445 1212 3509 infestis
1226 3449 1368 3511 occasio-

218 3555 287 3598 nem
301 3545 443 3618 oapercnt
455 3556 472 3599 a
483 3536 636 3626 laboribus
649 3537 832 3618 abstinendi,
845 3546 875 3602 et
889 3539 951 3602 otio
962 3541 1146 3623 indulgendi.
1161 3546 1231 3618 Quae
1244 3545 1368 3608 incom-

217 3634 310 3696 moda
321 3653 501 3714 agnoscens,
517 3653 552 3696 ao
563 3653 641 3715 aegre
658 3635 754 3698 serens
767 3637 873 3699 eadem
885 3637 1040 3700 carissima
1051 3640 1081 3702 in
1096 3641 1213 3703 Christo
1222 3641 1286 3704 lilia
1297 3661 1369 3705 uos-

217 3740 263 3794 tra
275 3751 330 3814 pro
341 3750 378 3794 ea
389 3739 502 3812 quaest
513 3732 542 3795 in
554 3735 650 3795 Deum
659 3732 788 3814 pietate,
799 3753 834 3796 ao
845 3733 875 3795 in
884 3735 1035 3813 subjectos
1044 3735 1100 3797 sibi
1112 3737 1240 3819 populos
1250 3739 1366 3819 studio,

216 3830 337 3892 obviam
352 3829 458 3891 iisdem
470 3830 513 3892 ire
525 3849 607 3892 nunc
618 3829 739 3909 statuit,
753 3831 939 3913 proludequo
952 3852 970 3895 a
983 3833 1076 3896 Nobis
1086 3835 1172 3896 enixe
1184 3834 1318 3918 flagitat,
1332 3847 1368 3899 ut

216 3926 339 3989 eosdem
352 3925 459 3988 Christi
473 3926 575 3989 fideles
588 3928 681 3989 etiam
693 3947 711 3988 a
721 3936 872 4010 praeoepto
881 3930 1036 4009 jejunandi
1050 3938 1080 3993 et
1090 3931 1229 3994 audiendi
1239 3932 1367 3996 Missam

218 4023 253 4084 iis
267 4024 389 4101 diebus,
403 4023 512 4104 quibus
526 4025 608 4105 operi
627 4043 735 4087 vacare
754 4026 949 4106 permittitur,
969 4029 1082 4090 solutos
1102 4047 1167 4090 esse
1187 4030 1368 4110 Apostolica

218 4122 395 4184 auctoritate
410 4121 546 4183 volimus.
571 4123 631 4184 Nos
646 4122 735 4203 igitur
749 4124 884 4202 ejusdem
908 4125 1000 4204 votis,
1017 4134 1164 4207 quantum
1186 4127 1218 4188 in
1234 4129 1367 4191 Domino

216 4236 377 4297 possumus
386 4218 629 4300 obsequendum,
643 4227 674 4281 et
682 4220 863 4302 populorum
873 4223 1063 4286 conscientiae
1070 4224 1291 4287 consulendum
1299 4245 1368 4288 esse

214 4314 400 4395 judicantes,
415 4316 606 4379 Fraternitati
628 4324 688 4380 tuae
706 4318 923 4383 committimus
944 4340 979 4382 ac
997 4320 1191 4399 mandamus,
1207 4329 1242 4384 nt
1257 4328 1292 4384 in
1306 4327 1369 4385 Ista

218 4419 341 4476 civitate
360 4435 395 4481 oc
409 4416 528 4477 diocesi
549 4422 601 4476 too
620 4416 788 4478 Austriocoe
810 4419 926 4478 Ditiooi
945 4421 1097 4497 subjectis,
1112 4419 1191 4481 hano
1212 4419 1305 4481 aliam
1324 4420 1367 4482 de

218 4511 300 4574 lestis
314 4512 419 4576 diebus
434 4515 545 4597 legem,
565 4514 594 4575 in
614 4533 705 4594 quam
720 4521 840 4577 maturo
862 4515 1002 4596 consilio,
1019 4536 1054 4578 ao
1074 4516 1210 4597 expensis
1221 4517 1368 4580 omnibus
