3188 5414
650 482 853 537 CLEMENTlS
872 483 938 535 xlv

753 650 829 720 CLI.

441 805 666 848 premissum
690 808 724 849 ΙΝ
747 807 880 849 clllllffl‘o
901 806 997 848 mul
1020 805 1151 848 NOSTRA!

182 893 184 900 '
293 913 470 973 seorsus
490 912 627 972 uxum
647 912 779 973 urere
800 911 1029 973 exuxrxnuru
1048 910 1308 975 rarunrrssm

464 1135 468 1140 .
534 1025 768 1108 curuans
793 1005 922 1106 rara
950 1024 1057 1103 xus.

961 1176 1054 1235 mmor,
1071 1177 1099 1225 14
1112 1175 1208 1235 augrrsti
1223 1181 1295 1226 1771.

265 1286 486 1352 Dilectissimo,
499 1289 559 1344 etc.
576 1283 806 1362 Appropinquat
817 1282 882 1360 jam
895 1280 961 1342 dies
974 1280 1052 1341 inter
1067 1285 1183 1340 ceteros
1196 1297 1305 1340 omnes
1313 1280 1376 1341 tibi

221 1384 306 1442 letus
319 1397 356 1440 ao
378 1378 512 1462 larrstus,
534 1396 595 1458 quo
617 1378 705 1441 editis
719 1379 902 1440 solemnibus
923 1375 1075 1456 religionis
1091 1374 1169 1437 votis
1189 1374 1379 1438 castissimos

223 1499 293 1542 cum
314 1479 431 1540 Christo
445 1497 556 1559 sponso
569 1478 690 1557 nuptias
710 1476 884 1552 celebratis,
900 1475 987 1555 eique
1008 1473 1140 1534 actiones
1158 1479 1227 1535 tuas
1248 1492 1376 1551 omues,

224 1597 302 1659 spes,
314 1574 475 1650 desideria,
486 1574 552 1635 vitae
562 1574 690 1654 denique
701 1574 793 1636 totius
805 1573 928 1635 cursum
937 1572 1104 1634 certissima
1117 1571 1208 1633 animi
1224 1573 1269 1632 tui
1281 1573 1371 1635 devo·

223 1676 305 1736 lione
317 1671 515 1741 consecrabis.
529 1672 676 1750 Majorem
688 1672 718 1732 in
733 1671 859 1732 modum
876 1671 969 1750 gavisi
983 1689 1104 1743 sumus,
1125 1670 1320 1733 dilectissima
1341 1673 1372 1734 in

156 1763 162 1773 ’
224 1773 340 1835 Christo
351 1771 412 1831 lilia
426 1777 544 1847 nostra,
560 1769 673 1851 tibique
686 1771 843 1848 gratulati,
857 1769 1073 1849 cumprimum
1093 1768 1183 1847 liujus
1196 1770 1291 1831 seculi
1312 1770 1370 1832 de-

223 1877 303 1932 tecta
323 1868 469 1944 vanitate,
491 1874 579 1948 atque
601 1867 746 1929 abdicatis
772 1867 922 1947 regalibus
942 1867 1061 1948 pompis
1084 1867 1116 1928 iu
1138 1869 1262 1928 Sacram
1282 1869 1374 1931 istam

223 1964 451 2028 Carmelitarum
460 1963 617 2043 virginum
628 1967 760 2026 Domum.
767 1964 930 2040 secederes,
945 1963 1045 2045 ibique
1057 1963 1195 2043 religioso
1213 1973 1372 2047 assumpto

223 2061 328 2122 babitu
352 2060 545 2125 sanctissimae
566 2060 633 2122 vite
658 2061 831 2128 tirocinium
853 2080 998 2143 poneres;
1023 2079 1105 2125 nuno
1125 2079 1199 2122 vero
1221 2062 1372 2126 immensa

221 2158 352 2237 quadam
361 2159 477 2220 ratione
491 2165 612 2221 auctum
624 2164 669 2220 est
679 2158 711 2220 id
721 2166 859 2223 nostrum
871 2166 901 2221 et
910 2161 1099 2224 cumulatum
1110 2159 1255 2239 gaudium
1265 2180 1302 2222 ex
1313 2162 1375 2224 hac

221 2261 288 2330 lua,
305 2273 397 2335 quam
411 2255 462 2316 illo
480 2254 528 2315 die
548 2255 668 2335 publice
681 2256 872 2336 profitebaris
893 2255 1022 2337 suscepti
1044 2256 1159 2319 consilii
1174 2259 1345 2320 constantia
1362 2285 1369 2320 :

123 2403 126 2408 .
222 2351 369 2412 maximas
383 2339 507 2431 quidem
524 2371 560 2413 ao
574 2370 708 2413 summas
720 2356 781 2414 Deo
793 2353 849 2434 ipsi
861 2371 916 2414 nos
929 2353 1041 2433 gratias
1057 2352 1228 2430 reddimus,
1241 2354 1294 2434 qui
1309 2361 1339 2415 te
1354 2375 1372 2416 a

223 2450 330 2528 regalis
355 2451 429 2511 aulae
457 2449 570 2511 deliciis
600 2457 788 2528 segregatam
807 2449 934 2512 mirilico
957 2450 1123 2512 vocationis
1149 2451 1290 2531 exemplo
1316 2451 1371 2512 tibi

220 2547 425 2624 conjunxerit,
445 2566 541 2630 eoque
561 2547 740 2627 singularius
761 2565 826 2609 esse
846 2547 905 2608 hoc
923 2547 1060 2609 divinum
1081 2548 1113 2608 in
1135 2553 1165 2608 te
1187 2547 1374 2613 beneficium

222 2644 427 2722 agnoscimus,
442 2663 504 2725 quo
515 2643 670 2724 amplioris
683 2662 751 2706 eras
760 2650 850 2707 autea
860 2645 891 2706 iu
904 2644 964 2706 hoo
975 2647 1079 2706 seculo
1088 2644 1259 2724 dignitatis,
1275 2663 1373 2726 opum

219 2759 257 2800 ao
271 2740 438 2820 splendoris
451 2740 548 2821 gradu
561 2740 742 2817 constituta,
758 2740 936 2820 animusque
950 2759 1030 2802 nune
1042 2748 1113 2802 tuus
1125 2739 1374 2820 flagrantioribus

163 2873 165 2877 -
220 2836 385 2916 religionis,
402 2837 595 2914 humilitatis,
621 2836 752 2899 caritatis
771 2837 877 2901 studiis
896 2837 1074 2900 exardescit.
1090 2840 1173 2916 Euge
1184 2837 1305 2917 itaque,
1320 2837 1375 2898 die

220 2934 380 2996 lectissima
390 2935 422 2996 in
439 2935 555 2997 Christo
567 2934 629 2996 lilia
643 2942 763 3012 nostra,
776 2933 862 3017 illum
874 2934 956 2998 diem
969 2934 1024 2998 tibi
1038 2934 1284 3015 splendissimum
1293 2933 1377 2996 lulu-

219 3050 288 3093 rum
302 3039 393 3111 puta,
411 3051 447 3093 ae
467 3032 607 3101 omnibus
620 3031 787 3112 ,triumphis
805 3031 1031 3112 pulchriorem,
1049 3049 1112 3110 quo
1130 3029 1257 3094 eaelcstis
1270 3029 1375 3109 gratier

220 3129 364 3190 obsecuta
375 3131 436 3198 Deo
446 3129 604 3208 tepenitus
615 3128 646 3189 in
660 3135 840 3208 potestatem
854 3127 971 3204 trades,
983 3126 1136 3206 vitamque
1147 3133 1234 3191 tuam
1244 3126 1375 3188 solemni

220 3228 361 3284 votorum
369 3223 753 3303 nuncupationeilliusfidei
762 3222 1374 3303 voluntatiquedicabisatqueobstringes.

220 3319 343 3380 Utinam
354 3338 410 3381 nos
420 3321 461 3382 illi
470 3320 641 3386 >celebritati
652 3321 812 3401 interesse,
822 3321 926 3403 tuique
940 3329 1004 3384 tam
1015 3319 1188 3385 excellentis
1197 3319 1298 3400 operis
1308 3338 1375 3385 nou

221 3417 319 3478 solum
332 3424 423 3478 testes
436 3435 501 3478 esse
520 3435 694 3497 possemus,
709 3419 869 3482 sedetiam
889 3419 1070 3501 apostolicas
1093 3419 1135 3487 in,
1146 3425 1232 3485 tauta
1251 3419 1376 3485 actione

221 3522 363 3598 praestare
380 3521 499 3595 paries,
520 3524 649 3596 tuaque,
670 3534 736 3596 quae
750 3516 898 3579 emissura
912 3534 961 3594 es,
977 3522 1048 3578 uota
1069 3515 1100 3577 in
1120 3521 1240 3583 nostras
1261 3533 1376 3583 manus

220 3613 367 3694 excipere.
383 3614 423 3673 At
436 3612 617 3675 desiderium
631 3614 690 3676 hoe
706 3624 843 3683 nostrum
853 3635 904 3692 ea,
914 3634 975 3696 qua
989 3614 1120 3677 maxime
1134 3631 1298 3695 possumus
1318 3631 1377 3679 rs-

220 3714 302 3774 tione
321 3712 465 3788 solamur,
486 3719 665 3794 nostrasque
678 3713 733 3774 has
747 3715 834 3776 vices·
845 3713 1065 3775 demandamus
1084 3710 1256 3778 Venerabili
1274 3713 1378 3783 Fratri

220 3809 404 3872 Bernardino
426 3810 660 3891 Archiepiseopo
682 3813 869 3873 Damascene
889 3809 1041 3873 ordinario
1054 3816 1158 3871 nostro
1171 3809 1303 3886 nuncio,
1318 3813 1375 3892 qui

222 3910 303 3990 quod
325 3914 394 3971 ante
418 3907 448 3968 iu
462 3914 515 3969 tua
535 3909 664 3989 religiosi
686 3909 807 3971 habitus
827 3909 1017 3989 susceptione
1035 3907 1143 3984 obivit,
1158 3925 1272 3970 munus
1290 3908 1376 3975 idem

220 4005 312 4067 retiam
325 4021 406 4065 nunc
426 4003 457 4064 iu
478 4023 564 4065 sacra
583 4005 768 4085 professione
791 4013 895 4065 nostro
917 4004 1039 4066 nomine
1058 4002 1230 4080 sustinebit,
1247 4023 1377 4085 quoque

221 4102 403 4164 ornatiorem
418 4100 517 4176 adbuc
532 4101 735 4182 laetioremque
752 4120 822 4163 eum
834 4089 914 4162 diem
928 4101 1090 4163 reddamus
1103 4119 1139 4161 ex
1153 4100 1293 4171 Ecclesiae
1305 4101 1378 4167 tbe-

221 4214 309 4257 sauro
324 4199 411 4260 isthic
424 4198 462 4259 ab
473 4215 510 4256 eo
524 4198 730 4259 concedendas
743 4217 779 4259 ex
801 4196 965 4277 apostolica
978 4195 1380 4283 auctoritateiudulgentias

193 4325 199 4337 ·
221 4294 435 4373 depromimus.
458 4296 516 4357 Sed
530 4305 687 4377 paternam
708 4298 786 4359 banc
799 4296 941 4358 eximiam
961 4315 1031 4376 erga
1046 4303 1077 4357 te
1094 4295 1247 4357 caritatem
1270 4295 1375 4357 adbuc
1416 4294 1421 4304 '

220 4392 315 4469 ungis
329 4393 381 4454 ubi
397 4394 609 4456 declarandam
623 4397 801 4476 suscipimus
817 4395 875 4457 alia
893 4394 1058 4474 cupiditate
1073 4401 1191 4470 nostra,
1208 4402 1240 4454 ut
1254 4393 1373 4454 scilieet:

220 4488 445 4552 lirculonliorom
460 4492 487 4552 in
508 4492 569 4554 dies
583 4512 699 4573 semper
721 4495 756 4554 dc
779 4502 807 4555 lc
829 4491 961 4568 letandi,
985 4495 1104 4571 llcoqno
1127 4491 1236 4571 gratias
1261 4491 1381 4570 agendi·
