3188 5414
233 499 286 551 244
664 497 869 554 CLEMEll'l'lS
888 498 956 553 XlV

233 608 264 665 et
274 602 336 664 Nos
349 619 477 682 operam
485 620 609 665 omnem
619 609 757 666 nostram
773 602 983 681 adhibuimus,
997 609 1031 664 ut
1043 608 1090 681 te,
1105 605 1299 669 Venerabilis
1312 610 1388 673 Fra-

232 705 291 778 ter,
305 699 409 781 patria
424 719 460 762 ac
476 700 607 763 libertati
620 701 792 763 restitutum
805 699 989 786 rideremus,
1005 700 1036 762 id
1051 701 1173 764 tandem
1188 720 1228 765 ex
1243 710 1299 767 tua
1315 726 1403 770 uos.

232 803 340 880 traque
350 799 499 861 sententia
511 798 637 861 feliciter
647 805 677 861 ta
688 818 754 861 esse
764 804 961 860 consecutum
972 817 1010 861 ex
1022 799 1115 862 literis
1128 802 1319 867 Venerabilis
1328 808 1388 869 Fa-

231 894 286 958 tris
297 894 422 977 losephi
440 895 656 977 archiepiscopi
676 895 777 978 Beryti
799 895 942 957 ordinarii
963 895 1059 958 nostri
1078 895 1110 958 iu
1131 899 1260 962 Polonia
1280 903 1383 966 Nuntii

231 992 396 1056 incredibili
401 993 600 1072 iucunditatis
608 993 756 1056 aolaetitiae
764 1011 853 1056 sensu
861 991 1070 1072 cognovimus.
1080 994 1249 1076 Propterea
1257 1000 1387 1062 Domino
1441 1045 1447 1060 .

210 1156 214 1162 ,
231 1089 591 1170 Deonostro,quodtein
602 1089 797 1152 tribulatione
806 1089 967 1170 patienter,
976 1107 1012 1152 ac
1021 1096 1196 1153 constanter
1205 1094 1386 1174 perferenda

229 1185 342 1250 ooelesti
361 1205 418 1248 suo
431 1185 569 1267 prasidio
589 1186 826 1263 confirmaverit,
849 1192 880 1247 et
897 1186 1021 1248 demum
1035 1187 1221 1251 incolumem
1245 1192 1284 1253 ad
1306 1195 1385 1257 cives

184 1304 186 1311 ·
230 1288 316 1360 tuos,
334 1288 483 1363 tuumque
506 1300 628 1362 gregem
640 1282 794 1344 reduxerit
807 1281 973 1362 singulares
983 1285 1096 1363 gratias
1109 1286 1239 1365 egimus.
1261 1291 1383 1352 Frater-

229 1378 316 1440 nilati
332 1385 392 1440 tuae
406 1378 509 1458 itaque
533 1396 716 1458 magnopere
735 1379 882 1456 laetamur,
902 1386 1020 1460 tuaque
1033 1379 1173 1443 Ecclesiae
1185 1389 1278 1464 atque
1290 1386 1381 1448 eliam

226 1475 321 1539 Nobis
338 1474 413 1555 ipsis
432 1493 469 1536 eo
485 1473 581 1552 magis
601 1476 799 1554 gratulamur,
815 1493 876 1555 quo
889 1477 1037 1554 majorem
1055 1476 1084 1538 in
1099 1484 1145 1555 te,
1162 1485 1256 1560 atque
1268 1482 1381 1563 episco

228 1569 290 1649 pali
299 1576 353 1632 tuo
362 1588 434 1650 erga
442 1569 607 1632 Ecclesiam
618 1569 718 1632 studio
730 1588 815 1650 spem
824 1572 1123 1653 expectationemque
1134 1574 1296 1640 habemus.
1309 1581 1381 1641 Pra-

229 1670 320 1733 stauti
344 1669 427 1732 enim
450 1670 561 1731 virtute
588 1675 641 1730 tua
667 1668 755 1744 freti,
780 1668 885 1750 tuique
911 1669 1020 1751 egregii
1040 1670 1150 1749 auinri,
1172 1675 1380 1754 magnitudine

227 1769 382 1850 pluribus,
402 1769 550 1850 clarisque
570 1766 687 1830 iudiciis
703 1766 796 1828 Nobis
814 1773 971 1848 perspecta
993 1773 1024 1829 te
1045 1766 1090 1829 tui
1110 1768 1243 1832 similem
1263 1791 1379 1856 semper

227 1866 363 1928 loturum
380 1866 410 1928 iu
425 1865 569 1946 religione
583 1864 695 1926 tuenda
714 1863 906 1927 confidimus.
922 1863 956 1926 ld
973 1870 1034 1926 ate
1047 1867 1214 1945 prasertim
1225 1867 1287 1951 hoc
1302 1879 1378 1933 tem.

226 1982 301 2044 pore
311 1968 521 2045 expectamus,
532 1960 710 2043 atqueadeo
720 1961 929 2042 exposcimus,
939 1977 1012 2022 cum
1024 1962 1178 2040 magnoin
1186 1971 1273 2026 metu
1286 1964 1377 2029 simus

226 2059 328 2142 nequi
338 2066 466 2122 conatus
477 2058 510 2120 in
518 2057 664 2140 proximis
671 2056 755 2136 regni
768 2057 857 2118 vestri
868 2055 998 2120 comitiis
1008 2057 1149 2135 existant,
1160 2075 1200 2120 ne
1210 2078 1279 2140 qua
1289 2060 1321 2122 iu
1331 2059 1378 2123 di-

224 2157 287 2219 vini
297 2157 396 2219 cultus
411 2163 502 2237 atque
519 2155 603 2216 avita
616 2161 720 2216 vestre
731 2153 882 2233 religionis
892 2154 1095 2233 integritatem
1104 2155 1279 2220 molitiones
1293 2159 1374 2221 naut.

225 2258 291 2330 Quo
303 2254 485 2336 gravioregin
494 2252 667 2315 discrimine
678 2269 713 2313 ao
731 2250 866 2331 periculo
880 2250 1019 2313 Ecclesia
1032 2269 1080 2313 res
1091 2253 1206 2314 versari
1220 2272 1314 2334 posse
1324 2255 1377 2316 du·.

225 2352 377 2429 bitamus,
392 2369 429 2412 eo
455 2350 631 2429 alacriorem
649 2356 735 2411 tuam
749 2367 874 2429 operam
895 2369 951 2430 pro
972 2350 1064 2414 domo
1084 2351 1205 2415 Domini
1226 2354 1375 2429 futuram,

225 2456 314 2530 teque
328 2447 439 2509 Nuntio
453 2453 557 2508 nostro
566 2445 703 2528 praesidia
715 2453 806 2528 atque
819 2447 992 2527 adjumenta
1002 2449 1119 2528 omnia,
1130 2451 1236 2532 quoad
1248 2460 1304 2517 tua
1316 2453 1377 2516 lieri

223 2545 334 2626 possit,
349 2550 561 2624 prestaturum
578 2561 745 2624 speramus.
761 2545 819 2605 Pro
833 2544 1024 2623 hujusmodi,
1036 2552 1150 2628 tuoque
1165 2550 1288 2612 muneri
1308 2569 1378 2613 cou-

223 2642 375 2706 sentaneis
386 2642 473 2704 factis
484 2659 625 2722 maguam
636 2641 708 2718 tibi,
721 2647 812 2721 atquc
824 2641 1026 2705 immortalem
1037 2643 1211 2707 mercedem
1224 2665 1244 2707 a
1256 2665 1377 2711 summo

222 2745 380 2820 pastorum
395 2738 532 2820 Principe
552 2744 691 2819 paratam
705 2756 771 2800 esse
792 2739 882 2801 nosti.
897 2741 959 2802 Nos
970 2739 1062 2803 etiam
1075 2739 1127 2821 qui
1139 2740 1221 2804 illius
1231 2743 1376 2807 sicariam

222 2842 422 2918 potestatem,
443 2837 512 2897 licet
531 2835 743 2913 immerentes,
758 2835 955 2914 sustinemus,
969 2835 1052 2898 hisce
1072 2837 1133 2900 tuis
1154 2837 1185 2901 in
1207 2841 1375 2904 Ecclesiam

220 2933 338 2996 meritis
351 2933 477 2995 mirifice
488 2932 655 3011 devincies,
666 2939 700 2994 ut
713 2951 912 3014 quecumque
924 2934 1064 3012 aNobis,
1081 2941 1174 3017 atque
1188 2936 1230 2998 ab
1248 2946 1377 3020 aposto-

221 3035 280 3096 lica
290 3034 349 3096 hac
360 3034 436 3096 Sede
448 3032 600 3115 proficisci
609 3031 672 3094 sive
685 3032 717 3092 in
727 3036 772 3110 te,
788 3033 850 3093 sive
864 3032 895 3093 iu
907 3039 992 3094 tuam
1007 3035 1157 3110 Mutum,
1171 3032 1236 3097 sive
1246 3034 1279 3097 in
1289 3042 1377 3098 tuum

220 3150 358 3212 gregem,
377 3140 429 3195 aut
449 3132 620 3194 universam
640 3129 772 3193 Poloniae
791 3129 957 3193 Ecclesiam
970 3130 1082 3210 possit,
1107 3148 1146 3193 ea
1166 3131 1238 3208 tibi,
1260 3138 1378 3214 tuaque

220 3227 330 3307 carisa,
344 3230 402 3290 illis
415 3229 610 3291 libentissime
621 3228 748 3290 delaturi
760 3228 865 3290 simus.
887 3228 1010 3290 Interim
1027 3235 1061 3291 ut
1073 3229 1195 3311 aliquod
1208 3231 1378 3296 Pontificiae

219 3328 251 3388 in
263 3318 293 3388 te
306 3327 441 3390 caritatis
453 3333 665 3406 argumentum
678 3325 807 3404 babeas,
819 3326 874 3387 tibi
894 3344 932 3387 ex
946 3327 1084 3389 Ecclesiae
1096 3327 1244 3397 thesauris
1260 3327 1296 3389 id
1317 3329 1378 3393 im-

219 3426 378 3508 pertimur,
397 3433 428 3488 et
452 3424 663 3502 concedimus,
692 3429 726 3484 ut
746 3423 959 3504 quodcumque
980 3425 1128 3504 templum
1150 3423 1300 3488 arbitratu
1320 3434 1379 3490 tuo

218 3523 353 3605 qnotidie
370 3510 515 3601 adiveris,
529 3541 635 3586 omnes
646 3541 698 3584 eas
711 3521 912 3602 indulgentias
929 3539 1133 3603 consequare,
1148 3523 1277 3605 perinde
1296 3545 1336 3589 ao
1350 3528 1377 3612 si

217 3621 398 3684 Vaticanum
416 3622 565 3702 templum
589 3619 742 3683 inviseres.
764 3623 892 3681 Domum
911 3619 1109 3700 apostolicam
1127 3619 1376 3687 benedictionem

217 3720 283 3797 tibi,
295 3719 481 3782 Venerabilis
502 3722 617 3797 Frater,
639 3725 758 3800 tuaeque
778 3717 848 3779 ndei
865 3718 1028 3781 commisso
1040 3720 1155 3801 populo
1175 3731 1377 3804 paramauter

216 3817 415 3899 impertimur.
432 3820 545 3879 Datum
566 3819 667 3879 Romoe
679 3817 761 3894 epod
781 3817 814 3876 S.
828 3817 950 3876 Petram
972 3816 1026 3877 sub
1047 3818 1171 3880 Annulo
1187 3822 1377 3899 Piscatoris,

214 3917 265 3977 die
280 3920 417 3978 dmartii
431 3918 729 3995 1773,pontificctas
741 3918 931 3976 nortmanno
947 3921 1063 3995 quarto.

253 4047 354 4106 Eodem
369 4045 491 4120 ereorplo
504 4064 512 4102 r
525 4048 659 4122 Episcopo
672 4046 822 4104 Kiovieusi.
