3188 5414
227 456 280 562 sta
500 518 502 527 '
656 503 856 562 CLEMEN'l'lS
874 505 939 561 xlv

224 612 390 674 deterentia
403 611 505 691 gratia
515 617 616 692 partes
626 610 779 673 retardare
793 629 828 673 aa
842 609 986 673 remorari
995 609 1156 687 voluimus,
1165 615 1199 675 ut
1209 611 1374 675 Avenionis

225 718 257 774 et
277 710 443 773 Comitatus
462 709 614 774 Venaisini
628 709 720 773 etiam
738 709 908 774 secessione
930 709 1308 791 commcnsstmorumque
1321 712 1383 774 tibi·

225 825 330 887 regum
355 807 550 870 consensione
571 806 695 869 easdem
719 806 986 884 cumulatissimas,
1010 825 1046 871 ae
1061 805 1168 871 milas
1182 808 1374 886 jucunditate

224 901 350 966 refertas
362 903 611 984 persolveremus.
630 902 755 967 ainrico
771 922 844 966 sane
857 902 967 985 gaudio
988 903 1137 968 allicimur
1159 904 1200 967 ob
1220 906 1372 968 restitutas

225 1001 318 1063 Nobis
331 1002 470 1082 antiquas
480 1002 546 1064 illas
559 1003 675 1064 Sancta
688 1003 779 1080 hujus
791 1001 876 1064 Sedis
888 1000 1036 1084 Ditiones,
1052 1020 1149 1082 neque
1162 1002 1321 1085 quidpiam
1334 1006 1372 1066 ab

224 1098 290 1176 ejus
305 1098 373 1177 jure
389 1097 557 1161 detractum
565 1143 575 1176 ,
590 1105 680 1180 dune
691 1097 894 1161 imminuitur.
909 1097 970 1161 Sed
984 1099 1081 1179 magis
1100 1098 1193 1163 etiam
1206 1099 1372 1179 gaudemus

224 1195 499 1276 suprasolarissimo
511 1195 593 1267 lacto
604 1194 731 1263 mirifice
745 1194 935 1276 comprobari
948 1194 1032 1272 illas,
1044 1214 1119 1276 ques
1132 1196 1372 1276 sempereorbo

224 1289 536 1371 uiisllcgibusdeberi
549 1290 655 1354 marles
665 1289 853 1370 agnovimus,
866 1291 1199 1373 moralissimum,
1222 1292 1371 1372 religionis

179 1464 185 1479 ι
224 1405 260 1448 ao
272 1386 373 1451 inllcs
388 1395 478 1471 atque
489 1387 568 1453 hanc
587 1387 670 1451 Beati
682 1389 762 1451 Petri
776 1388 956 1455 cathedram
966 1389 1102 1471 pietatis;
1115 1396 1260 1471 ratasque
1278 1391 1371 1457 laetas

217 1498 288 1546 ‘esso
298 1501 367 1566 spes
378 1491 513 1562 nocuas,
525 1501 602 1565 quas
615 1483 749 1548 devehis
763 1492 919 1570 amneque
932 1485 1044 1549 virtute
1051 1485 1158 1551 intimo
1171 1486 1267 1553 animi
1279 1489 1369 1553 posui

221 1599 311 1645 senna
322 1580 509 1646 fovebamus.
531 1582 607 1646 Cum
619 1580 701 1648 caint
713 1600 832 1647 masura
846 1589 925 1647 esset
937 1583 968 1645 in
980 1583 1074 1649 Nobis
1086 1590 1223 1649 vostrum
1235 1585 1370 1653 omniun

223 1699 294 1743 cum
313 1680 457 1762 dngmrui
476 1686 602 1761 paterno
622 1697 726 1744 amore
746 1679 909 1759 conjuncte
922 1679 1120 1759 existimatio,
1136 1682 1290 1760 maiorem
1302 1698 1369 1749 aare

223 1777 254 1839 in
270 1776 396 1842 modum
408 1776 652 1853 confidebamus,
665 1775 729 1843 lore
740 1783 774 1844 ut
791 1793 853 1845 aon
866 1777 965 1842 solum
979 1777 1145 1849 simultates
1155 1796 1263 1841 unitas
1281 1798 1368 1860 qaam

222 1878 354 1959 primum
362 1877 596 1959 deponerentur,
606 1875 660 1941 sed
670 1875 835 1942 clarissima
844 1873 936 1945 etiam
947 1880 1084 1937 extarent
1093 1881 1208 1950 mutua
1220 1875 1300 1937 inter
1312 1878 1369 1939 llos

222 1974 375 2039 consecuti
392 1975 457 2055 jam
472 1973 583 2050 simus,
600 1979 758 2053 unaque
771 1990 884 2037 nunes
900 1969 986 2042 uobis
996 1970 1367 2042 habeamuslatandicsu

222 2090 287 2149 sas,
300 2089 354 2136 ess
366 2069 438 2147 tibi,
450 2069 605 2136 maissime
618 2068 651 2135 in
663 2068 781 2135 Christo
794 2067 835 2131 liti
854 2073 967 2144 noster,
981 2065 1134 2135 reddimus
1149 2066 1265 2147 grades
1273 2112 1283 2146 ,
1298 2087 1369 2148 quas

222 2167 348 2231 reddere
370 2166 519 2233 maumas
539 2183 700 2246 possumus
717 2165 749 2229 in
773 2174 863 2247 teque
887 2163 989 2227 omnia
1010 2162 1186 2244 gratissima
1209 2164 1369 2229 voluntatis

221 2271 330 2327 nosue
351 2263 452 2328 studia
473 2269 562 2343 atque
589 2261 690 2325 officia
709 2262 922 2325 cumulamus..
937 2262 1007 2336 arm
1031 2279 1102 2327 aum
1122 2260 1177 2323 tibi
1197 2262 1369 2342 plenissime

222 2361 368 2427 adhihere,
378 2379 415 2425 ac
427 2367 567 2445 prestare
584 2359 795 2428 contendimus
804 2379 844 2437 ,a
862 2366 893 2421 te
905 2358 998 2421 etism
1017 2356 1208 2439 atqneetiam
1221 2358 1366 2443 petimus,

222 2469 257 2523 ut
276 2461 401 2526 omuino
422 2460 477 2529 tibi
495 2459 676 2540 persuadeas
690 2457 765 2521 nihil
781 2456 874 2519 Nobis
895 2455 1093 2536 imposterum
1113 2454 1268 2538 antiquius
1287 2456 1366 2533 lore,

220 2576 314 2639 quam
327 2565 362 2623 ot
374 2557 480 2629 nutam
492 2557 762 2640 confirmatamque
772 2555 850 2618 inter
867 2556 928 2616 Nos
941 2554 1136 2617 concordiam
1147 2562 1178 2618 et
1188 2558 1368 2621 consensio-

220 2673 291 2717 nem
301 2654 386 2718 novis
396 2653 653 2734 constringamus,
667 2659 756 2737 atque
770 2651 876 2716 indies
886 2653 1083 2734 amplioribus
1094 2660 1208 2717 mutua
1220 2655 1367 2720 interllos

220 2751 341 2832 pietatis
357 2751 536 2816 testimoniis
559 2750 712 2817 uberrima
732 2749 772 2815 ad
788 2757 818 2813 te
833 2766 889 2830 pro
907 2769 964 2815 sua
982 2752 1058 2831 tide,
1079 2771 1115 2815 ao
1136 2753 1283 2836 singudsri
1298 2755 1366 2817 dili-

219 2843 322 2926 geutia
334 2848 570 2930 perscripturum
582 2847 763 2914 confidimus
781 2847 1009 2917 dilectissimum
1031 2849 1128 2913 tilium
1141 2858 1284 2936 mnam
1305 2855 1367 2916 llo-

219 2946 364 3011 mintcnm
376 2949 408 3012 S.
423 2949 461 3010 R.
472 2949 507 3012 ll.
521 2946 711 3011 Cardinalem
721 2944 881 3023 ursinum,
892 2944 1078 3011 intimoshcs
1089 2946 1181 3012 animi
1197 2949 1293 3019 posui
1303 2969 1385 3029 sess,

219 3063 288 3121 sm,
298 3043 485 3124 quoseidem
501 3063 605 3110 eoram
615 3044 782 3109 luculenter
793 3043 1037 3124 significavimus.
1057 3046 1175 3109 interea
1191 3047 1368 3127 proNostro

219 3139 249 3200 ie
269 3146 300 3203 te
313 3159 432 3205 summo
451 3141 551 3205 studio
568 3143 734 3227 plurimum
748 3141 804 3206 tibi
818 3141 857 3205 de
878 3147 932 3205 tua
946 3141 1056 3205 virtute
1076 3143 1274 3222 gratulamur.
1290 3145 1370 3222 Ejus·

219 3240 425 3302 consectandis
434 3241 517 3306 nulla
529 3241 695 3322 expeditior
708 3241 762 3303 tibi
782 3260 847 3307 esse
860 3242 937 3304 ratlo
947 3243 1049 3323 potest
1059 3262 1153 3324 quam
1171 3243 1198 3306 si
1216 3238 1363 3324 gloriosis

218 3335 286 3398 simi
301 3336 434 3400 Parentis
446 3338 490 3398 tni
510 3338 654 3419 exemplis
672 3338 806 3400 insistere
818 3358 941 3421 pergas,
954 3360 1021 3423 qua
1033 3347 1064 3403 et
1084 3343 1247 3423 conspicua
1259 3360 1313 3424 per
1328 3363 1363 3406 se

218 3432 285 3512 ipsa
303 3440 372 3495 sunt
384 3439 414 3494 et
428 3433 544 3495 facilius
556 3434 610 3495 tibi
624 3434 654 3496 in
672 3435 807 3498 animum
818 3437 958 3516 inilucnt,
973 3457 1043 3500 eum
1055 3437 1101 3500 hm
1112 3438 1365 3502 domesticalau-

217 3534 271 3596 des
284 3533 338 3595 tibi
349 3533 408 3597 sint
422 3533 538 3595 assidue
550 3540 619 3595 ante
629 3533 733 3598 oculos
747 3533 852 3614 posita
865 3554 884 3597 a
899 3535 1009 3597 dilecto
1022 3535 1084 3598 filio
1097 3536 1190 3599 nobili
1205 3536 1270 3600 viro
1280 3539 1366 3600 liar-

113 3686 117 3695 .
217 3631 325 3693 chione
346 3629 498 3717 Berpardc
517 3629 687 3707 Tanucelo,
706 3631 793 3709 cujus
809 3626 1054 3711 prestantissima
1070 3651 1162 3714 opera
1176 3633 1207 3694 in
1224 3635 1366 3698 maximis

216 3731 307 3792 rebus
319 3728 457 3811 gerendis
470 3728 572 3790 uteris.
591 3729 772 3810 Magnopere
783 3734 941 3810 optemus,
954 3735 989 3791 ut
998 3735 1069 3792 vota
1081 3736 1202 3808 nostra,
1221 3749 1289 3811 qua
1302 3735 1365 3795 Deo

217 3829 337 3908 Optimo
356 3825 488 3890 Maximo
503 3826 542 3888 de
562 3833 615 3888 tua
636 3826 740 3907 tuique
757 3825 840 3905 regni
853 3825 996 3889 felicitate
1009 3845 1237 3908 nuncupemus,
1253 3847 1367 3890 secuu-

216 3926 357 3990 dissimos
370 3928 495 3986 eventus
504 3924 654 4001 habeant,
668 3928 758 4002 atque
769 3922 942 4002 hujusmodi
953 3923 1094 3986 omnibns
1104 3922 1211 3990 divine
1223 3925 1366 4005 benigni-

216 4018 287 4082 tatis
303 4018 441 4101 auspioiis
460 4019 648 4097 Maiestatem
662 4020 760 4083 Tuam
777 4025 992 4100 prosequentes
1005 4019 1203 4100 apostolicam
1218 4019 1366 4083 benedic-

217 4115 331 4178 tionem
349 4115 381 4182 in
403 4121 513 4178 nostre
531 4114 625 4179 etlam
643 4114 758 4176 eximia
775 4114 908 4176 caritatis
934 4115 1042 4196 pignus
1064 4114 1136 4192 tibi,
1156 4115 1313 4178 carissime
1334 4117 1365 4179 iu

216 4211 332 4276 Christo
344 4213 387 4275 uti
405 4218 518 4290 noster,
537 4211 665 4293 'luneque
676 4213 774 4293 Regia
790 4213 931 4293 Comum,
946 4211 1108 4279 caesuris
1127 4211 1243 4276 Liberis
1254 4232 1365 4277 aman-

216 4309 328 4372 tissime
338 4311 538 4393 impartimur.
551 4311 665 4373 Datum
675 4313 792 4383 Romae,
805 4313 888 4392 apud
897 4313 1042 4375 Scactm
1053 4315 1184 4377 Maiam
1198 4315 1363 4392 Mrejorcm,

216 4407 271 4468 sal
289 4409 409 4470 Ascalo
425 4413 603 4487 Piscatoris,
622 4411 671 4470 die
692 4421 728 4470 28
751 4410 915 4473 decembris
941 4421 1031 4488 tlte,
1050 4413 1245 4489 pontificatus
1267 4415 1363 4473 nostri

216 4523 296 4565 cano
307 4509 418 4583 quicto.
