3188 5414
319 544 372 597 aaa
694 516 703 527 ’
748 541 951 597 cannensis
968 542 1034 596 xvv
1111 619 1120 639 .

240 661 244 668 ·
317 645 475 725 Flandrlae‚
496 646 624 727 Tyrolis,
649 651 722 723 etc,
738 646 1072 729 LothariugiaeetBurri
1087 648 1170 722 Dux,
1191 646 1303 724 Magna
1323 646 1392 705 Dux
1412 645 1468 705 Hc

318 742 430 821 truria,
445 749 503 812 etc,
517 748 576 810 etc,
587 742 854 806 Reverendissimis
868 744 899 806 iu
911 745 1028 806 Christo
1038 744 1174 807 Dominis
1182 745 1218 804 N.
1234 745 1266 804 S.
1278 746 1317 805 R.
1335 744 1370 803 E.
1383 743 1465 823 Epis

317 843 419 924 copis,
443 844 627 925 Presbyteris
655 849 685 904 et
705 843 844 905 Dlaconis
869 861 904 904 ac
927 843 1068 905 universo
1090 842 1215 923 collegio
1246 840 1468 917 Gandinalium‚

317 939 425 1011 amicis
443 940 554 1002 nostris
567 938 750 1002 charissimis
764 940 933 1001 salutemet
946 940 1160 1002 benevolentia
1179 945 1292 1005 nostrae
1314 934 1466 1001 allectum.

319 1034 570 1106 lieverendusimi
593 1035 623 1097 in
647 1035 766 1099 Christo
786 1036 908 1112 Patres,
938 1035 1026 1098 amici
1045 1035 1224 1098 charissimi.
1247 1037 1379 1098 Gravem
1399 1053 1468 1118 sane

316 1136 513 1218 concepimus
532 1135 669 1208 moeroris
689 1153 810 1200 sensum
830 1155 867 1197 ex
885 1135 1044 1198 Clementis
1063 1137 1131 1198 xlv
1150 1137 1240 1197 Pont.
1261 1135 1344 1196 Max.
1365 1133 1466 1211 obitu,

315 1251 410 1314 quern
433 1235 611 1307 nuntiarunt
632 1233 725 1297 Nobis
741 1242 845 1296 vestrae
868 1234 959 1296 litera
980 1232 1029 1295 die
1048 1235 1143 1295 XXlll
1166 1231 1334 1313 superioris
1355 1230 1467 1292 mensis

315 1331 396 1406 datan
410 1357 418 1397 ε
431 1323 595 1405 commovit
604 1335 739 1397 animum
751 1340 889 1396 nostrum
899 1352 969 1396 num
979 1333 1045 1414 ipsa
1055 1331 1228 1413 praematuri
1239 1329 1294 1392 lati
1305 1327 1465 1405 acerbitas,

316 1436 383 1502 tum
399 1419 569 1516 reipublice
585 1431 755 1499 christianae
768 1448 829 1492 non
842 1430 932 1508 levis,
947 1448 1041 1510 quam
1061 1430 1092 1491 in
1109 1426 1329 1510 vigilantissimi
1342 1427 1466 1509 pastoris

316 1534 416 1601 morte
434 1528 505 1592 fecit
521 1530 651 1608 jactura.
667 1529 816 1608 Perpetua
833 1532 936 1588 tamen
955 1525 1011 1587 crit
1032 1523 1132 1588 Patris
1152 1523 1261 1606 optimi
1276 1522 1360 1605 apud
1373 1522 1465 1584 bonos
1570 1556 1573 1564 ·

316 1641 421 1696 omnes
434 1624 620 1702 recordatio,
631 1622 682 1705 qui
694 1622 870 1694 difficillimo
881 1629 1017 1703 tempore
1028 1623 1147 1684 Sanctae
1159 1621 1246 1684 Sedis
1258 1623 1405 1683 Romana
1415 1637 1464 1700 gu·

316 1713 481 1795 &maculo
502 1709 658 1801 admotus)
685 1741 741 1804 pro
763 1721 902 1784 Ecclesia
927 1720 1161 1801 tranquillitate,
1183 1720 1249 1795 solo
1270 1717 1460 1800 quinquennii

316 1819 414 1901 spatio
421 1866 431 1900 ,
444 1828 563 1894 tantum
572 1821 602 1884 in
614 1840 646 1884 se
657 1821 791 1902 suscepit
800 1818 926 1896 laboris,
938 1830 1088 1900 quantum
1100 1820 1149 1882 vix
1162 1819 1239 1881 alius
1248 1818 1356 1880 luisset
1367 1835 1462 1878 araus.

315 1915 419 2002 Neque
432 1919 527 1991 deluit,
540 1919 596 2000 ipsi
617 1917 648 1982 in
661 1917 860 2001 aggrediendo
876 1937 969 2000 opere
983 1919 1075 1981 animi
1086 1916 1252 1994 fortitudo,
1263 1935 1323 1978 nec
1334 1915 1365 1977 in
1377 1914 1465 1995 porli-

315 2013 423 2088 ciendo
441 2016 622 2084 constantia.
635 2018 704 2079 Jam
715 2020 944 2093 veronensem,
962 2014 1211 2077 Reverendissimi
1222 2014 1347 2091 Patres,
1365 2011 1464 2088 fidem,

315 2113 524 2195 prudentiam,
536 2115 711 2197 religionem
720 2111 927 2190 exhortamur,
938 2120 971 2174 ut
981 2112 1149 2191 conjunctis
1158 2112 1224 2194 pari
1234 2112 1340 2175 studio
1350 2111 1464 2187 animis,

315 2200 521 2286 successorem
535 2213 667 2299 eligatis,
684 2213 807 2293 qualem
824 2209 963 2281 Ecclesiae
978 2209 1171 2272 incolumitas
1182 2229 1218 2273 ac
1229 2210 1383 2292 temporis
1393 2208 1466 2271 ratio

315 2310 449 2388 postulat
463 2334 472 2381 ς
487 2311 547 2377 hoo
561 2311 697 2384 omnium
708 2315 779 2372 vota
793 2316 969 2390 expectant,
982 2315 1075 2388 utque
1087 2308 1140 2370 liat
1151 2353 1160 2389 ‚
1172 2308 1322 2400 cujusque
1336 2313 1467 2370 vestrum

316 2404 363 2465 vel
383 2404 515 2478 maxime
536 2406 671 2477 interest,
696 2410 791 2474 Deum
815 2407 928 2468 interea
949 2404 1100 2486 supplices
1118 2422 1289 2486 precamur,
1314 2410 1350 2465 ut
1372 2421 1426 2466 vos
1440 2411 1467 2464 et

316 2501 447 2583 collegas.
461 2509 576 2569 vestros
595 2522 651 2572 suo
667 2503 699 2567 in
708 2522 741 2565 re
754 2503 830 2568 tanti
849 2502 994 2575 momenti
1008 2502 1131 2565 numine
1144 2502 1283 2582 adjuvet,
1295 2508 1390 2582 atque
1402 2516 1468 2562 con-

317 2597 417 2670 firmet
425 2623 434 2679 ς
450 2606 555 2680 utpote
569 2601 656 2679 cujus
669 2601 772 2672 tutelae
784 2599 1060 2671 Reverendissimas
1072 2600 1270 2663 Paternitates
1279 2600 1407 2661 Vestras
1416 2616 1469 2683 pro

318 2702 421 2769 nostro
439 2697 471 2770 in
488 2697 610 2771 easdem
625 2698 743 2769 sincero
764 2705 795 2760 et
812 2703 963 2780 propenso
984 2696 1097 2760 affectu
1113 2716 1310 2780 summopere
1330 2699 1469 2761 volumus

316 2790 557 2870 corntrtendutas.¹
581 2799 750 2865 Datamisa
772 2786 1019 2863 deitateaostro
1046 2786 1193 2869 Viennae,¹
1206 2799 1256 2859 die
1282 2807 1319 2859 rt
1348 2799 1472 2862 octobris

316 2910 396 2955 auno
413 2903 500 2965 1174.
514 2895 683 2972 Requorcm
695 2895 869 2963 Nostrorum
882 2898 1036 2973 tricesimo
1050 2884 1166 2974 quartu.

397 3017 725 3090 Reverendissimurum
739 3017 959 3086 paternitatum
970 3020 1162 3085 Vestianum·

818 3135 967 3206 Benevola
1076 3196 1079 3202 ,

1060 3225 1183 3282 MARLA
1200 3225 1393 3284 THERESlA.

924 3335 956 3386 V.
971 3333 1112 3387 Ksurvmz
1126 3334 1281 3387 Rrrssun.

922 3421 1082 3475 Hsrvmnus
1095 3419 1191 3476 Gran.
1205 3422 1455 3479 sconnsrrnscn.

795 3542 968 3552 -.---—-

824 3637 958 3717 CCCXl.

534 3800 553 3847 a
575 3798 633 3841 uos
654 3780 844 3847 nnis-cusas
866 3799 903 3848 aa
923 3780 1102 3841 rrius-suis
1123 3798 1253 3843 cousins

400 3904 469 3966 aas
489 3903 715 3970 unanuvaux
735 3904 788 3967 na
808 3905 858 3968 na
873 3904 1017 3971 *smum
1037 3891 1174 3967 auulsa
1194 3907 1394 3988 norman,

633 4018 809 4076 assaumis
825 4029 905 4075 nnus
921 4029 961 4075 ua
978 4029 1152 4078 concnava

925 4142 1127 4203 Fontainehleau,
1140 4143 1162 4192 le
1178 4148 1204 4193 tl
1219 4143 1322 4194 octobre
1341 4150 1412 4197 1774.

360 4250 535 4312 Tris-cleers
554 4254 584 4310 et
598 4247 770 4309 tres-cimil
791 4251 918 4308 conarer.
948 4249 1030 4310 Nous
1051 4237 1232 4335 partageons
1250 4248 1324 4311 blan
1345 4240 1475 4314 sincere

318 4338 402 4409 nient
414 4348 457 4408 les
467 4347 561 4425 instes
575 4350 687 4424 regrets
700 4362 759 4425 que
775 4361 852 4406 nous
867 4362 956 4407 cause
969 4344 999 4405 la
1009 4351 1090 4408 mort
1100 4344 1137 4407 de
1152 4352 1238 4408 notre
1251 4346 1436 4411 Saint-Pere
1448 4350 1474 4410 le

316 4444 399 4522 Papo
412 4444 546 4505 Clement
565 4447 725 4522 quatorze,
750 4442 824 4503 dont
843 4461 918 4504 vous
935 4460 1012 4504 nous
1029 4461 1098 4503 avez
1113 4442 1167 4503 fait
1184 4447 1250 4523 part
1267 4461 1325 4524 par
1339 4445 1369 4506 la
1388 4447 1473 4508 lettre

318 4526 377 4620 cue
391 4559 466 4602 vous
477 4559 555 4603 nous
570 4559 639 4603 avez
652 4541 743 4601 ecrite
757 4541 784 4600 lc
797 4551 834 4600 23
850 4539 889 4600 dn
905 4540 982 4601 mois
995 4528 1123 4602 dernier.
1138 4541 1177 4601 Ge
1193 4539 1277 4600 triste
1291 4541 1472 4605 evenenreut

1249 4676 1264 4713 0
1316 4690 1319 4695 .
