3188 5414
610 483 837 540 DOCUMENTA
857 484 978 538 vanis.
1314 488 1368 538 353

221 581 349 649 oblinito
362 600 524 668 parumper
536 587 674 664 vulnere,
688 607 748 649 non
760 585 823 650 leve
833 589 929 650 dolori
941 607 996 650 suo
1008 588 1147 650 solatium
1160 588 1301 664 accessit,
1315 588 1367 667 ubi
1465 588 1472 603 '

222 686 252 746 in
268 692 297 746 te
314 685 515 764 virtutemque
535 689 618 746 tuam
639 686 742 747 oculos
756 693 887 766 paterna
903 704 962 747 sua
976 685 1108 746 caritatis
1122 683 1249 754 inflexit,
1271 692 1301 745 et
1314 685 1366 746 ubi

221 783 295 843 dum
313 800 375 863 *nox
390 781 555 862 praecessit,
570 781 651 859 diem
665 801 701 843 ex
713 782 886 845 fortitudine
899 784 1021 863 zeloque
1040 791 1092 845 tuo
1114 783 1367 864 appropinquasse

165 909 168 915 >
221 879 373 959 praenovit.

260 977 462 1055 Quamobrem
477 978 620 1059 Summus
638 975 701 1057 ipse
722 976 858 1038 Pontifex
872 975 975 1037 fidenti
988 978 1076 1057 plane
1095 978 1195 1040 animo
1215 979 1270 1041 has
1284 974 1367 1069 adote

221 1073 284 1135 dari
303 1073 408 1153 jussit,
430 1073 538 1154 quibus
561 1074 701 1136 virtutem
715 1075 872 1155 zelumque
892 1080 994 1152 tuum,
1020 1071 1279 1138 vehementissimo
1301 1073 1366 1156 ejus

217 1153 318 1232 ‘cordis'
330 1159 440 1234 aisectu
453 1169 606 1250 adprecari
624 1177 655 1232 et
666 1171 823 1233 obsecrare
834 1184 976 1253 pergam,
989 1176 1022 1234 ut
1034 1166 1227 1234 adtuendam
1239 1176 1367 1254 Aposto

219 1267 283 1329 licae
300 1267 385 1330 Sedis
398 1265 625 1344 auctoritatem,
639 1270 881 1350 populorumque
896 1270 1023 1350 salutern
1041 1269 1072 1330 in
1086 1266 1209 1332 Dioeoesi
1222 1267 1366 1333 Vratisla-

221 1362 314 1427 riensi
335 1363 545 1442 asserendam,
566 1365 758 1445 oblatamque
778 1360 816 1426 da
838 1384 871 1426 re
893 1365 1056 1444 catholica,
1081 1386 1117 1429 ao
1129 1364 1209 1429 Petri
1224 1368 1367 1430 cathedra

216 1452 432 1547 benemerendi
454 1461 710 1542 opportunitatem
734 1463 871 1526 alacriter
895 1464 1094 1544 amplectaris.
1121 1466 1190 1545 Ipsa
1217 1463 1366 1546 siquidem

218 1558 425 1640 propinquitas
439 1557 497 1620 loci
509 1558 643 1621 conferre
658 1559 787 1638 videtur,
800 1568 834 1623 ut
848 1561 970 1622 indutus
983 1560 1156 1627 fortitudine
1171 1567 1240 1641 tua,
1255 1561 1365 1623 armis-

217 1676 277 1745 que
288 1652 362 1718 lucis
372 1657 521 1719 deteriora
538 1657 694 1737 destruas,
717 1672 782 1740 qua
800 1655 970 1721 diffidentiae
984 1659 1036 1721 fini
1048 1658 1212 1723 moliuntur
1226 1653 1364 1737 consilia,

218 1759 248 1815 al
259 1754 387 1816 reducas
400 1757 507 1836 aspera
521 1755 551 1816 in
569 1756 648 1818 viam
661 1757 795 1840 planam.
1210 1834 1213 1838 ,

257 1844 358 1914 Habes
372 1852 403 1913 in
416 1851 541 1933 collegio
553 1854 689 1917 Glaceusi
703 1853 868 1917 Berussioae
877 1851 996 1916 ditionis
1005 1855 1230 1937 prinvincialem
1240 1853 1364 1930 Silesiaa,

219 1947 401 2029 extinctique
415 1949 526 2012 ordinis
539 1951 686 2029 seniores,
701 1972 778 2032 quos
790 1951 900 2014 doceas
913 1963 975 2032 qua
986 1950 1051 2031 lege
1058 1997 1067 2029 ,
1082 1971 1179 2031 quava
1192 1951 1289 2013 lorma
1300 1950 1365 2012 illo·

218 2063 287 2106 rum
298 2064 379 2108 nunc
389 2065 514 2128 operam
526 2048 557 2109 S.
572 2049 667 2110 Mater
676 2045 810 2111 Ecclesia
818 2048 955 2130 requirit,
966 2055 996 2110 et
1005 2050 1066 2129 quo
1077 2039 1217 2128 Regentis
1227 2048 1366 2129 voluntas

217 2141 351 2218 duxerit,
369 2143 440 2206 illuc
455 2142 689 2226 obsequentibus
709 2147 818 2211 mentis
839 2141 989 2226 gressibus
1011 2145 1239 2218 ambulandum.
1261 2143 1364 2205 Habes

218 2236 324 2302 itidem
341 2261 396 2304 cur
408 2236 596 2317 commodius
611 2243 742 2307 rationes
757 2252 787 2307 et
800 2243 901 2306 media
914 2242 988 2306 inire
1002 2243 1117 2325 possis,
1132 2261 1200 2324 quae
1213 2243 1252 2304 ad
1265 2249 1366 2324 Apos-

217 2340 313 2402 tolicae
334 2340 436 2403 Brevis
447 2340 671 2420 executionem,
685 2341 902 2422 delendamque
916 2337 976 2403 illio
989 2340 1173 2405 desultorum
1191 2334 1366 2402 societatem

217 2456 273 2518 pro
293 2437 434 2519 singulari
457 2436 615 2522 prudentia
638 2448 691 2503 tua
713 2441 809 2523 magis
831 2438 984 2522 putaveris
1005 2439 1236 2523 expedirerlge
1251 2437 1364 2517 itaque,

217 2534 326 2614 decus,
338 2536 428 2617 atque
439 2544 650 2626 ornamentum
661 2539 766 2620 gratia.
771 2536 928 2621 spiritalia,
941 2557 994 2620 age
1006 2534 1365 2623 illustriorportiogregis

216 2627 327 2695 'christi
346 2633 384 2696 ad
397 2653 520 2719 gravem
530 2636 609 2698 hano
619 2655 743 2699 causam
752 2637 875 2716 invicta,
885 2655 948 2718 qua
958 2636 1056 2713 soles,
1068 2633 1239 2697 constantia
1249 2653 1365 2715 propu-

217 2727 524 2811 gnandamacourre,
537 2738 568 2795 et
581 2751 660 2796 novo
675 2731 747 2796 huic
760 2732 862 2812 oneri,
879 2732 918 2795 ad
931 2732 1013 2813 quod
1024 2732 1143 2793 vocavit
1158 2738 1187 2792 te
1202 2727 1364 2807 Dominus,

216 2824 360 2889 humeros
373 2834 565 2909 mentemque
580 2827 732 2889 submitte.
757 2827 880 2889 Interim
894 2846 964 2889 vero
979 2845 1103 2888 suasum
1126 2826 1240 2888 babeas
1254 2827 1359 2905 velim,

217 2943 254 2985 eo
265 2924 413 3002 majorem
427 2924 543 2987 nomini
557 2928 610 2986 tuo
624 2924 767 3004 gloriam,
784 2928 814 2985 et
825 2922 906 3007 apud
919 2925 1015 2987 mum
1029 2928 1059 2983 ct
1072 2916 1209 3007 homines
1222 2920 1364 2983 meritum
1477 2951 1483 2964 ·

218 3039 424 3100 accessurum,
445 3040 507 3102 quo
528 3021 689 3103 ampliores
708 3021 919 3101 gravioresque
942 3018 1044 3081 eximii
1058 3018 1102 3080 tui
1119 3028 1175 3098 pro
1198 3014 1366 3079 orthodoxa

217 3118 359 3200 religione
369 3117 568 3201 acpontificia
578 3118 819 3182 anctoritatezcli
834 3117 1065 3198 significationes
1074 3115 1213 3180 edideris.
1229 3104 1365 3196 Dumqire

218 3217 283 3279 haec
297 3217 399 3279 omnia
411 3217 451 3279 de
469 3217 578 3278 virtute
597 3222 628 3278 ct
640 3214 751 3296 pietate
772 3222 824 3277 tua
836 3213 1055 3295 Summusipse
1066 3213 1204 3276 Pontifex
1217 3214 1365 3278 tutissime

218 3315 385 3394 pollicetur,
400 3315 534 3377 divinam
553 3313 680 3376 assiduis
692 3313 833 3394 precibus
844 3311 1037 3375 clementiam
1048 3312 1201 3389 exorabit,
1224 3319 1259 3373 ut
1270 3331 1365 3374 cona-

218 3414 297 3476 tibus
312 3415 502 3495 consiliisque
511 3414 572 3476 tuis
579 3412 692 3493 jugiter
704 3412 808 3474 adesse
819 3411 972 3492 dignetur,
982 3409 1123 3492 quodque
1133 3410 1207 3471 mihi
1217 3417 1363 3490 superest,

218 3509 391 3571 diuturnam
409 3529 445 3585 ac
464 3529 567 3572 veram
581 3510 634 3571 tibi
648 3504 840 3585 felicitatem,
855 3509 893 3570 ab
908 3509 979 3588 ,eius
992 3501 1133 3589 largitore
1147 3508 1275 3572 Domino
1289 3526 1365 3570 nus-

220 3621 313 3682 quam
324 3602 458 3669 desinam
468 3604 623 3684 adprecor.

299 3727 515 3791 Dominationis
525 3721 584 3790 tua
597 3727 804 3790 lllustrissimae
816 3743 852 3786 ao
863 3725 1105 3786 Reveredissimae

675 3856 915 3933 studiosissimus
927 3856 970 3921 uti
982 3861 1085 3921 Frater

856 3985 1275 4051 A.Cann1uxn1scoas1uns,
1328 4056 1333 4063 ο

854 4092 887 4145 V.
899 4089 1116 4157 chnnoums,
1128 4092 1310 4161 secretarios.
1324 4098 1327 4104 ·

702 4301 886 4316 m
