3188 5414
327 501 357 549 lb
561 544 564 549 .
755 491 958 547 CLEMENTlS
976 492 1042 547 XlV

265 634 268 639 ·
322 600 508 680 pontificiam
528 598 566 660 ad
580 600 640 660 Nos
653 598 784 659 delatam
795 596 979 676 'dignitatem
995 597 1196 659 cumulatiora
1212 596 1334 657 luerunt
1350 596 1415 672 ejus
1432 597 1472 658 li-

321 695 391 760 belli
405 694 592 773 accessione,
611 714 702 776 quem
711 697 749 772 de
760 697 852 758 veteri
867 701 898 760 et
915 712 993 758 nova
1003 695 1101 758 forma
1114 694 1268 776 pontilicis
1286 696 1404 756 romani
1415 695 1474 756 eli-

321 793 410 873 gendi
431 800 492 856 ate
510 795 583 856 olim
604 793 805 875 perscriptum
819 797 909 859 tertio
920 812 1027 875 nuper,
1048 811 1119 855 oum
1133 793 1163 854 iu
1177 792 1307 854 comitiis
1325 805 1473 869 essemus,

321 890 452 953 edidisti.
470 892 505 954 ld
523 892 610 963 nobis
628 898 790 971 utrumque
803 891 861 954 fuit
872 890 1145 973 jucundissimum
1168 891 1302 973 primum
1316 891 1396 952 enim
1409 910 1474 972 prae
1543 956 1546 964 ,

322 1005 353 1048 se
369 987 426 1048 lert
438 987 572 1050 animum
583 995 671 1049 tuum
681 987 828 1068 obsequii,
842 988 958 1052 fidei-et
972 987 1170 1049 observantie
1180 1006 1252 1068 erga
1261 990 1323 1049 Nos
1333 1005 1369 1049 ac
1380 1007 1474 1069 apos-

322 1083 445 1145 tolicam
458 1084 537 1146 hauc
549 1085 651 1148 sedem
662 1085 883 1166 plenissimum,
898 1089 1026 1150 alterum
1044 1084 1178 1149 declarat
1188 1084 1287 1146 studia
1297 1090 1388 1165 atque
1399 1103 1473 1145 eru-

322 1179 467 1242 ditionem
483 1186 569 1243 tuem
584 1199 689 1243 earum
708 1183 875 1263 presertim
889 1202 1008 1260 rerum,
1019 1200 1087 1263 que
1109 1181 1148 1243 ad
1161 1183 1224 1244 Nos
1243 1168 1472 1263 quodammodo

322 1279 362 1340 ob
377 1280 474 1359 ipsam
495 1279 575 1340 bane
590 1279 632 1341 rei
647 1284 678 1340 et
698 1281 844 1362 temporis
861 1278 1121 1363 opportunitatem
1141 1277 1322 1341 reseruntur.
1343 1278 1472 1342 Proinde

322 1381 425 1437 nostra
442 1375 571 1438 invicem
591 1375 645 1438 tibi
663 1383 790 1458 paterna
806 1377 1016 1442 benevolentia
1034 1376 1250 1459 respondentes
1266 1375 1424 1455 eamdem,
1446 1380 1472 1440 si

322 1471 394 1552 quid
416 1491 434 1534 a
453 1472 546 1535 Nobis
566 1492 643 1554 opus
672 1476 746 1553 erit,
771 1485 881 1556 praesto
906 1475 960 1538 tibi
984 1470 1110 1556 semper
1123 1474 1257 1537 futuram
1280 1475 1469 1556 pollicemur.

322 1572 460 1649 Interim,
476 1578 510 1634 ut
534 1579 563 1633 te
577 1578 681 1635 uestro
701 1573 850 1636 desiderio
867 1593 938 1637 oum
954 1579 1125 1636 ceterorum
1148 1571 1282 1635 fidelium
1306 1574 1383 1635 votis
1405 1579 1473 1636 tuas

322 1669 468 1732 etiamad
490 1672 586 1741 Deum
603 1671 720 1752 optimo
738 1672 871 1734 maximo
889 1690 945 1754 pro
959 1677 1063 1733 nostra
1083 1672 1247 1734 munienda
1265 1671 1472 1734 imbecillitate

322 1784 427 1846 preces
440 1766 640 1846 coniungendi
655 1766 827 1830 satisfacere
837 1786 899 1830 non
918 1766 1109 1844 dubitamus,
1122 1769 1166 1830 ita
1181 1770 1242 1831 Nos
1261 1769 1292 1829 in
1309 1768 1472 1848 pontificiae

321 1864 457 1927 caritatis
472 1852 582 1947 pignus
593 1864 790 1946 apostolicam
812 1864 1053 1927 benedictionem
1068 1865 1140 1942 tibi,
1164 1864 1273 1929 dilecte
1295 1866 1354 1943 fili,
1379 1884 1471 1946 pers-
1496 1870 1500 1878 '

323 1969 440 2026 menter
454 1963 653 2045 impertimur.
670 1966 786 2027 Datum
803 1965 919 2036 Rome,
936 1971 1009 2041 ete,
1020 1964 1070 2024 die
1092 1973 1128 2025 nt
1141 1966 1217 2040 julii
1234 1974 1329 2040 1769,
1344 1969 1473 2043 pontifi-

322 2071 407 2126 catus
420 2065 731 2142 uostrieouopn‘mo.
1212 2082 1215 2087 ·

810 2183 994 2195 -u—-uu——n

759 2386 762 2391 ,
834 2299 952 2370 xvru.

778 2466 908 2508 lellC'ro
931 2467 1016 2509 Flblo

340 2578 346 2586 ·
470 2581 484 2614 ³
553 2657 556 2663 ¹
608 2563 740 2641 'rarae
761 2580 978 2668 rmuurseo
997 2579 1179 2654 sonorus,

321 2782 324 2787 ι
348 2680 628 2771 RENEDIUI'INORUM
643 2711 920 2783 coneuuenmonls
936 2713 960 2761 S.
977 2710 1080 2760 mlum
1096 2709 1265 2759 sermnem
1282 2706 1448 2764 emuntur,

569 2855 593 2888 '·
638 2829 1027 2914 CLEMENSPAPA
1055 2830 1164 2909 XIV.

1096 3003 1191 3063 Reme,
1203 3005 1218 3049 2
1232 2999 1326 3060 augusti
1344 3001 1411 3048 1769.

365 3119 492 3193 Dilecto,
513 3126 569 3181 etc.
587 3122 698 3201 Magno
711 3121 823 3201 gaudio
841 3126 871 3182 te
889 3126 1035 3200 tuamque
1056 3113 1322 3197 congregationem
1344 3110 1474 3173 allectos

214 3223 218 3230 ’
324 3214 416 3276 luisse
442 3215 482 3277 ob
506 3222 642 3279 nostram
670 3216 709 3278 ad
732 3216 924 3299 pontificium
949 3216 1071 3278 eulmen
1095 3211 1282 3276 evectionem
1307 3208 1475 3270 luculenter

325 3311 479 3373 declarant
492 3318 551 3376 tuae
563 3314 755 3376 observantia
770 3314 800 3375 in
811 3315 888 3391 Nos,
902 3313 962 3375 fide
978 3330 1014 3374 ac
1026 3310 1139 3393 pietate
1153 3307 1269 3371 refertae
1278 3305 1398 3368 litterae.
1414 3304 1474 3366 Sed

320 3410 367 3484 ,ita
384 3412 534 3492 perspecti
552 3411 619 3492 jam
637 3417 726 3473 autea
738 3412 832 3475 Nobis
851 3417 937 3474 erant
956 3411 1000 3473 tui
1013 3409 1043 3471 iu
1058 3408 1138 3471 hane
1158 3403 1354 3489 apostolicam
1372 3401 1475 3464 sedem

323 3526 443 3593 sensus,
454 3515 488 3593 ut
503 3508 626 3570 eosdem
642 3526 724 3570 nuuc
737 3508 899 3572 cumulatis
915 3503 1183 3589 significationibus
1197 3507 1322 3566 testatos
1332 3517 1395 3562 non
1412 3505 1476 3561 tam

240 3598 243 3606 “
324 3605 417 3667 Nobis
435 3604 612 3690 probaveris
628 3625 721 3689 quam
743 3607 839 3688 magis
855 3607 1011 3688 magisque
1026 3600 1262 3666 confirmaveris.
1282 3600 1388 3679 ltaque
1404 3615 1477 3678 gra-

325 3705 442 3767 tissima
452 3705 545 3768 Nobis
559 3705 680 3768 fuerunt
693 3706 794 3771 officia
806 3706 872 3768 haec
885 3712 949 3785 tua,
962 3694 1029 3786 quae
1043 3721 1061 3763 a
1080 3706 1110 3763 te
1122 3698 1214 3761 etiam
1224 3705 1337 3778 tuaque
1348 3713 1477 3777 cougre-
1504 3710 1507 3733 ³

325 3803 445 3884 gatioue
459 3801 554 3883 magis
564 3805 786 3887 arnplilicantur
799 3803 884 3880 fusis,
897 3807 931 3864 ut
945 3799 1062 3877 scribis,
1078 3797 1117 3859 ad
1129 3793 1405 3857 misericordiarum
1418 3809 1477 3872 pa-

325 3908 403 3963 trem
426 3899 584 3981 precibus,
607 3907 641 3964 ut
655 3909 829 3965 nostrarum
843 3899 961 3962 'virium
982 3895 1219 3960 imbecillitatem
1238 3894 1271 3954 iu
1298 3890 1477 3973 gravissimo

326 3998 458 4078 gerendo
478 4017 603 4062 munere
624 4019 680 4063 suo
698 4002 762 4083 ipse
781 3999 921 4083 presidio
937 3997 1042 4061 luleiat
1053 4014 1089 4059 ac
1110 3993 1346 4057 eomoboret.1u'
1364 3987 1477 4068 judicio

327 4115 398 4160 vero
409 4099 447 4161 de
459 4097 553 4181 pris
566 4092 620 4170 luo
631 4098 706 4160 nihil
719 4099 775 4180 ipsi
787 4097 845 4173 nisi
858 4096 1092 4172 humanitatem,
1105 4092 1250 4176 pietatem
1264 4106 1301 4151 ae
1315 4087 1477 4149 vehemens

328 4190 358 4252 in
368 4195 456 4258 uobis
466 4194 559 4258 animi
570 4193 616 4256 tui
630 4194 764 4257 studium
779 4192 981 4276 agnosciums.
991 4193 1053 4254 Nos
1067 4189 1197 4253 invicem
1213 4184 1256 4247 ita
1269 4183 1301 4245 iu
1310 4190 1340 4245 te
1353 4182 1476 4244 animati

328 4308 447 4369 sumus,
463 4301 499 4355 ut
518 4293 652 4374 aliquam
674 4291 857 4373 suppeditari
878 4290 967 4362 uobis
990 4287 1248 4370 opportunitatem
1269 4280 1401 4343 maxime
1420 4297 1479 4341 ou-

328 4387 448 4467 piamus
458 4389 632 4454 declarandi
647 4390 746 4471 reipsa
757 4389 828 4467 tibi,
841 4406 934 4470 quam
945 4385 1062 4468 prolixa
1078 4390 1108 4446 te
1128 4389 1257 4463 tuosque
1270 4375 1480 4440 benevolentia

327 4486 578 4571 complectamur.
594 4486 716 4551 luterim
730 4487 761 4548 iu
775 4487 865 4565 hujus
876 4491 1008 4568 pateruae
1019 4480 1271 4561 caritatispignus
1281 4473 1479 4559 apostolicam
