3188 5414
606 511 831 568 DOCUMENTA
850 514 970 568 Vdeh.
1310 518 1360 568 tot

142 630 151 651 ·
218 620 338 690 nanter,
359 614 410 693 qui
423 633 516 693 usque
535 614 635 676 adlrrrc
650 617 792 678 Societati
811 617 932 679 fuerunt
948 612 1107 699 adscripsi,
1126 625 1157 679 et
1170 618 1247 679 inter
1261 611 1366 680 socios

220 708 333 784 habiti,
349 729 386 771 ne
398 711 555 772 defendere
577 711 730 788 audeant,
744 715 939 795 impugnare,
959 715 1106 790 scribere,
1118 715 1164 775 vel
1178 715 1269 776 etiam
1283 717 1366 795 loqui

219 808 258 870 de
270 810 441 888 hujusmodi
464 811 690 891 suppressione,
706 811 802 892 deque
815 813 880 891 ejus
896 812 1011 890 causis,
1029 820 1060 874 et
1077 812 1209 888 motivis,
1221 813 1366 891 quemad-

219 909 343 970 modum
358 927 423 986 nec·
436 912 474 970 de
492 909 649 971 Societatis
664 911 820 988 Instituta,
837 913 966 990 regulis,
985 913 1270 988 Constitutionibus,
1285 915 1368 993 regi·

222 1006 311 1067 minis
323 1005 421 1068 forma
427 1052 437 1083 ,
454 1007 548 1068 aliave
562 1007 600 1068 de
613 1026 663 1082 re,
686 1025 751 1086 quae
766 992 804 1068 ad
816 1008 990 1087 hujusmodi
1010 1009 1140 1089 pertinet
1154 1019 1364 1088 argumentum

223 1102 333 1180 absque
342 1120 484 1181 expresse
492 1102 620 1163 Romani
634 1103 787 1165 Pontificis
796 1104 916 1166 licentia
924 1129 932 1181 ;
946 1123 981 1167 ac
995 1105 1081 1166 simili
1097 1104 1189 1166 modo
1207 1107 1263 1167 sub
1277 1125 1365 1185 poena

221 1198 540 1259 excommunicationis
548 1198 653 1274 Nobis,
665 1218 700 1260 ac
707 1200 816 1261 nostris
828 1220 884 1281 pro
895 1206 1032 1281 tempore
1040 1201 1262 1262 successoribus
1272 1190 1367 1262 reser-

220 1304 293 1358 xatae
302 1297 496 1379 prohibemus
510 1297 671 1372 omnibus,
691 1305 721 1358 et
736 1298 876 1376 singulis,
895 1317 932 1359 ne
952 1299 1041 1377 hujus
1051 1298 1269 1379 suppressionis
1279 1283 1367 1359 occa-

221 1396 303 1457 sione
312 1397 408 1457 ullum
418 1395 567 1473 audeant,
580 1396 736 1476 multoque
746 1396 846 1470 minus
857 1414 909 1457 eos
919 1442 925 1471 ‚
937 1396 988 1476 qui
1004 1396 1081 1457 Socii
1094 1396 1228 1472 luerunt,
1239 1395 1365 1472 injuriis,

217 1492 343 1570 jurgiis,
358 1493 565 1568 coutumeliis,
581 1493 676 1554 aliove
700 1499 892 1572 contemptus
906 1509 1030 1570 genere,
1050 1510 1144 1569 voce,
1165 1498 1217 1552 aut
1235 1492 1367 1572 scripto,¹

220 1589 317 1664 clam,
335 1594 386 1650 aut
400 1591 501 1669 palam
513 1589 652 1665 afficere,
666 1608 701 1650 ac
713 1589 868 1650 lacessere.

260 1699 309 1747 ao.
325 1690 487 1749 Hortamur
501 1705 607 1748 omnes
622 1687 804 1748 Christianos
818 1686 969 1765 Principes
977 1693 1038 1762 ,ut
1051 1704 1086 1747 ea
1100 1704 1160 1765 qua
1174 1688 1306 1767 pollent,
1319 1688 1364 1762 ri,

221 1784 414 1859 auctoritate,
433 1791 464 1844 et
477 1785 631 1864 potentia,
645 1801 738 1862 quam
752 1800 808 1863 pro
829 1789 939 1843 sanctae
953 1785 1095 1843 Romane
1108 1783 1247 1844 Ecclesiae
1266 1783 1367 1843 defen·

220 1881 318 1956 sione,
332 1888 362 1942 et
381 1880 548 1962 patrocinio
569 1901 586 1943 a
610 1885 671 1944 Deo
689 1886 886 1961 acceperunt,
903 1886 969 1942 tum
980 1880 1072 1941 etiam
1090 1900 1142 1959 co,
1162 1883 1267 1961 quoin
1288 1883 1366 1941 hanc

220 1979 425 2058 Apostolioarn
438 1978 547 2039 Sedem
559 1978 710 2039 ducuntur
722 1975 885 2057 obsequio,
898 1984 929 2037 et
940 1976 1040 2053 cultu,
1049 1995 1136 2038 suam
1147 1982 1286 2058 prestent
1296 1997 1367 2057 ope-

220 2095 302 2150 ram,
319 2096 354 2138 ac
368 2075 483 2149 studia,
499 2081 532 2134 ut
547 2074 593 2135 hae
604 2081 713 2135 nostrae
733 2074 837 2134 litterae
856 2089 945 2133 suum
960 2071 1134 2151 plenissime
1144 2080 1366 2152 consequantur

222 2173 364 2234 ellectum
374 2218 381 2248 ,
392 2172 527 2252 quinimo
542 2171 665 2250 singulis
684 2171 714 2230 in
728 2170 833 2231 iisdem
852 2169 960 2231 litteris
973 2170 1121 2230 contentis
1134 2170 1311 2231 inherentes
1323 2170 1366 2230 si-

220 2271 305 2332 milia
316 2270 510 2331 'constituant
524 2275 555 2329 et
568 2269 759 2347 promulgent
780 2267 918 2344 decreta,
933 2286 987 2348 per
1008 2286 1073 2347 quae
1087 2267 1209 2330 omnino
1228 2273 1366 2343 caveant,

219 2383 257 2427 ne
269 2413 278 2441 ‚
290 2366 363 2427 dum
379 2367 441 2426 haec
455 2371 557 2428 nostra
573 2366 713 2427 voluntas
732 2365 901 2427 executioni
915 2365 1062 2442 tradetur,
1078 2367 1138 2428 ulla
1150 2366 1227 2426 inter
1248 2360 1366 2427 Fideles
1435 2394 1438 2400 ·

219 2463 386 2523 excitentur
397 2462 513 2541 jurgia,
529 2463 752 2538 contentiones,
770 2470 799 2524 et
812 2463 943 2525 dissidia.

261 2571 307 2647 tt.
328 2563 493 2621 Hortamur
517 2559 646 2640 denique
670 2561 853 2623 Christianos
868 2580 993 2638 omnes,
1010 2581 1045 2623 ac
1058 2580 1112 2642 per
1133 2563 1250 2624 Domini
1271 2560 1364 2622 nostri

218 2665 289 2724 lesu
303 2662 410 2722 Christi
428 2661 542 2721 viscera
563 2661 773 2736 obsecramus,
786 2668 821 2720 ut
841 2678 992 2722 memores
1006 2661 1085 2736 sint,
1104 2679 1210 2722 omnes
1224 2660 1365 2721 eumdem

218 2756 330 2817 habere
340 2757 532 2834 Magistrum,
548 2755 601 2833 qui
615 2755 644 2813 in
659 2755 740 2815 caelis
751 2762 814 2830 est:
827 2755 967 2815 eumdem
979 2773 1084 2815 omnes
1096 2750 1313 2835 Reparatorem
1326 2800 1335 2830 ,
1348 2774 1365 2814 a

217 2876 279 2937 quo
295 2857 389 2934 empti
407 2873 512 2915 sumus
525 2852 622 2932 pretio
634 2869 760 2928 magno,
772 2850 879 2931 codem
891 2869 995 2911 omnes
1006 2853 1126 2912 lavacro
1134 2870 1218 2931 aqua
1233 2853 1263 2911 in
1273 2852 1366 2911 verbo

218 2953 286 3013 vitae
300 2958 492 3031 regeneratos
506 2968 589 3024 esse,
612 2953 642 3025 et
655 2947 732 3008 filios
744 2947 795 3007 Dei
807 2992 815 3023 ,
831 2947 1000 3008 coheredes
1015 2954 1115 3008 autern
1130 2948 1235 3009 Christi
1251 2949 1367 3010 consti-

218 3054 316 3124 tutos;
339 3049 446 3109 eodem
466 3046 626 3108 Catholicae
639 3043 800 3119 doctrine,
814 3044 957 3123 verbique
976 3045 1067 3106 divini
1090 3045 1202 3126 pabulo
1220 3047 1364 3122 nutritos3

218 3165 323 3207 omnes
337 3147 463 3207 demum
472 3163 567 3207 unum
586 3161 696 3222 corpus
712 3161 775 3203 esse
790 3143 820 3202 in
836 3143 964 3221 Christe,
978 3145 1109 3225 singulos
1125 3153 1226 3208 autem
1238 3147 1366 3208 alterum

218 3244 341 3306 alterius
352 3243 506 3319 membra,
520 3248 609 3321 atque
622 3239 733 3301 idcirco
749 3256 870 3300 necesse
889 3242 1012 3304 omnino
1024 3262 1105 3321 esse,
1119 3251 1153 3305 ut
1166 3263 1271 3306 omnes
1284 3264 1366 3307 com-

217 3342 302 3402 muni
325 3341 480 3402 charitatis
494 3340 613 3400 vinculo
629 3338 717 3398 simul
741 3339 872 3418 colligati
887 3357 957 3400 cum
973 3341 1113 3402 omnibus
1127 3342 1299 3403 hominibus
1313 3361 1366 3422 pa-

219 3457 286 3499 cem
301 3438 443 3511 habeant,
455 3455 490 3496 ac
505 3435 616 3496 nemini
631 3434 759 3494 debeant
771 3434 935 3514 quidquam
947 3482 954 3511 ,
965 3437 1021 3497 nisi
1035 3444 1068 3497 ut
1080 3439 1206 3500 invicem
1222 3439 1364 3517 diligant3

218 3525 352 3615 namqui
367 3533 461 3612 diligit
469 3531 655 3612 proximum,
669 3532 764 3609 legem
777 3531 925 3609 implevit,
938 3551 1056 3594 summo
1066 3542 1281 3614 prosequentes
1295 3534 1365 3594 odio

219 3632 415 3708 offensiones,
429 3631 611 3706 simultates,
624 3629 739 3708 jurgia,
755 3628 899 3704 insidias,
909 3630 1025 3708 aliaque
1038 3631 1212 3709 hujusmodi
1232 3634 1270 3692 ab
1285 3633 1366 3693 anti-

219 3749 280 3808 quo
298 3729 422 3790 humani
435 3729 551 3808 generis
569 3727 655 3787 hoste
674 3726 857 3803 excogitata,
872 3727 1008 3802 inventa,
1022 3739 1051 3788 et
1063 3729 1191 3789 excitata
1207 3729 1244 3789 ad
1259 3731 1366 3790 Eccle-

218 3825 293 3886 siam
307 3825 359 3886 uei
370 3824 604 3906 perturbandam
615 3822 913 3904 ,impediendamque
925 3831 1065 3886 uternam
1080 3825 1225 3887 Fidelium
1235 3816 1364 3886 felicita-

217 3928 280 3982 tem
304 3922 360 3982 sub
376 3920 566 3983 fallacissimo
588 3919 780 3994 scholarum,
796 3910 988 3998 opinionum,
1011 3922 1058 3982 vel
1078 3922 1168 3983 etiam
1190 3921 1363 3983 Christiane

217 4017 408 4097 perfectionis
423 4019 528 4095 titulo,
544 4036 579 4078 ac
592 4019 876 4097 praetextu.'0mnes
892 4017 1014 4078 tandem
1035 4020 1104 4081 totis
1119 4020 1230 4080 viribus
1243 4027 1364 4081 conten-

218 4114 292 4176 dant
306 4135 426 4193 veram,
447 4133 683 4196 germanamque
696 4115 752 4177 sibi
765 4115 942 4195 sapientiam
953 4112 1149 4197 comparare,
1162 4117 1200 4179 de
1215 4136 1275 4198 qua
1287 4119 1364 4179 scri-

216 4218 304 4290 ptum
323 4220 368 4274 cst
389 4232 443 4294 per
471 4215 614 4274 Sanctum
639 4207 794 4274 iacobum
807 4231 877 4292 cap.
901 4225 929 4273 a.
948 4215 1042 4294 Epist.
1068 4216 1181 4276 Canon.
1206 4207 1285 4276 vers.
1315 4227 1360 4276 ta.

221 4333 236 4366 a
254 4310 325 4383 Quis
340 4311 474 4390 sapiens,
485 4315 515 4370 et
528 4310 733 4389 disciplinatus
748 4310 826 4370 inter
839 4313 910 4370 vost
929 4304 1072 4373 Ostendat
1091 4330 1128 4373 ex
1144 4312 1225 4373 bone
1238 4312 1365 4375 conxerss

217 4408 332 4467 satione
347 4403 554 4487 operationem
567 4424 655 4468 suam
668 4407 697 4468 in
711 4403 939 4469 mansuetudine
953 4408 1114 4489 sapientie.
1128 4409 1249 4484 Quodsi
1264 4411 1362 4473 zelum

220 4503 388 4563 animarum
407 4503 541 4581 habetis,
562 4511 593 4564 et
605 4503 820 4565 ‘contentiones
841 4505 900 4564 sint
920 4505 950 4564 in
974 4505 1115 4567 cordibus
1134 4507 1256 4580 vestris,
1269 4508 1361 4569 nolite

1220 4617 1255 4667 26
