<?xml version="1.0" encoding="UTF-8"?>
<!DOCTYPE html PUBLIC "-//W3C//DTD XHTML 1.0 Transitional//EN"
    "http://www.w3.org/TR/xhtml1/DTD/xhtml1-transitional.dtd">
<html xmlns="http://www.w3.org/1999/xhtml" xml:lang="en" lang="en">
 <head>
  <title>
</title>
<meta http-equiv="Content-Type" content="text/html;charset=utf-8" />
  <meta name='ocr-system' content='tesseract 3.04.00' />
  <meta name='ocr-capabilities' content='ocr_page ocr_carea ocr_par ocr_line ocrx_word'/>
</head>
<body>
  <div class='ocr_page' id='page_1' title='image "./clementisxivpon00clemgoog_0213.png"; bbox 0 0 3188 5414; ppageno 0'>
   <div class='ocr_carea' id='block_1_1' title="bbox 234 500 942 560">
    <p class='ocr_par' dir='ltr' id='par_1_1' title="bbox 234 500 942 560">
     <span class='ocr_line' id='line_1_1' title="bbox 234 500 942 560; baseline -0.008 -1"><span class='ocrx_word' id='word_1_1' title='bbox 234 510 285 560; x_wconf 74' lang='lat'><strong>192</strong></span> <span class='ocrx_word' id='word_1_2' title='bbox 659 500 859 557; x_wconf 77' lang='lat' dir='ltr'><strong>CLEMENTlS</strong></span> <span class='ocrx_word' id='word_1_3' title='bbox 878 500 942 554; x_wconf 65' lang='lat' dir='ltr'><strong>xlv*</strong></span> 
     </span>
    </p>
   </div>
   <div class='ocr_carea' id='block_1_2' title="bbox 223 601 1385 1832">
    <p class='ocr_par' dir='ltr' id='par_1_2' title="bbox 223 601 1385 1832">
     <span class='ocr_line' id='line_1_2' title="bbox 230 601 1377 686; baseline -0.004 -18"><span class='ocrx_word' id='word_1_4' title='bbox 230 608 372 670; x_wconf 91' lang='lat' dir='ltr'><strong>nimirum</strong></span> <span class='ocrx_word' id='word_1_5' title='bbox 387 613 517 686; x_wconf 82' lang='lat' dir='ltr'><strong>augustas</strong></span> <span class='ocrx_word' id='word_1_6' title='bbox 529 605 627 667; x_wconf 93' lang='lat' dir='ltr'><strong>omnis</strong></span> <span class='ocrx_word' id='word_1_7' title='bbox 642 605 761 666; x_wconf 83' lang='lat' dir='ltr'><strong>familia</strong></span> <span class='ocrx_word' id='word_1_8' title='bbox 780 606 879 666; x_wconf 88' lang='lat' dir='ltr'><strong>vultus</strong></span> <span class='ocrx_word' id='word_1_9' title='bbox 903 602 1098 678; x_wconf 76' lang='lat' dir='ltr'><strong>referentem,</strong></span> <span class='ocrx_word' id='word_1_10' title='bbox 1118 620 1210 682; x_wconf 87' lang='lat' dir='ltr'><strong>quam</strong></span> <span class='ocrx_word' id='word_1_11' title='bbox 1230 601 1284 662; x_wconf 76' lang='lat' dir='ltr'><strong>ueri</strong></span> <span class='ocrx_word' id='word_1_12' title='bbox 1307 602 1377 664; x_wconf 92' lang='lat' dir='ltr'><strong>inci·</strong></span> 
     </span>
     <span class='ocr_line' id='line_1_3' title="bbox 228 697 1378 765; baseline -0.004 0"><span class='ocrx_word' id='word_1_13' title='bbox 228 705 299 765; x_wconf 88' lang='lat' dir='ltr'><strong>dere</strong></span> <span class='ocrx_word' id='word_1_14' title='bbox 311 704 340 765; x_wconf 94' lang='lat' dir='ltr'><strong>in</strong></span> <span class='ocrx_word' id='word_1_15' title='bbox 353 704 523 765; x_wconf 81' lang='lat' dir='ltr'><strong>recentibus</strong></span> <span class='ocrx_word' id='word_1_16' title='bbox 539 702 724 764; x_wconf 84' lang='lat' dir='ltr'><strong>dilectissimi</strong></span> <span class='ocrx_word' id='word_1_17' title='bbox 745 702 775 762; x_wconf 93' lang='lat' dir='ltr'><strong>in</strong></span> <span class='ocrx_word' id='word_1_18' title='bbox 792 701 908 764; x_wconf 89' lang='lat' dir='ltr'><strong>Christo</strong></span> <span class='ocrx_word' id='word_1_19' title='bbox 923 698 974 760; x_wconf 79' lang='lat' dir='ltr'><strong>ldii</strong></span> <span class='ocrx_word' id='word_1_20' title='bbox 991 698 1086 760; x_wconf 87' lang='lat' dir='ltr'><strong>nostri</strong></span> <span class='ocrx_word' id='word_1_21' title='bbox 1101 697 1283 758; x_wconf 87' lang='lat' dir='ltr'><strong>Ferdinandi</strong></span> <span class='ocrx_word' id='word_1_22' title='bbox 1300 701 1378 760; x_wconf 82' lang='lat' dir='ltr'><strong>Aus-</strong></span> 
     </span>
     <span class='ocr_line' id='line_1_4' title="bbox 227 794 1385 880; baseline -0.001 -21"><span class='ocrx_word' id='word_1_23' title='bbox 227 799 291 861; x_wconf 80' lang='lat' dir='ltr'><strong>tria</strong></span> <span class='ocrx_word' id='word_1_24' title='bbox 304 799 482 862; x_wconf 84' lang='lat' dir='ltr'><strong>Archiducis</strong></span> <span class='ocrx_word' id='word_1_25' title='bbox 496 799 608 880; x_wconf 92' lang='lat' dir='ltr'><strong>nuptiis</strong></span> <span class='ocrx_word' id='word_1_26' title='bbox 624 797 752 862; x_wconf 90' lang='lat' dir='ltr'><strong>voluisti.</strong></span> <span class='ocrx_word' id='word_1_27' title='bbox 771 799 835 860; x_wconf 87' lang='lat' dir='ltr'><strong>llac</strong></span> <span class='ocrx_word' id='word_1_28' title='bbox 849 815 882 858; x_wconf 89' lang='lat' dir='ltr'><strong>re</strong></span> <span class='ocrx_word' id='word_1_29' title='bbox 899 795 1033 878; x_wconf 88' lang='lat' dir='ltr'><strong>probasti</strong></span> <span class='ocrx_word' id='word_1_30' title='bbox 1047 794 1181 876; x_wconf 90' lang='lat' dir='ltr'><strong>quidem,</strong></span> <span class='ocrx_word' id='word_1_31' title='bbox 1196 813 1263 875; x_wconf 78' lang='lat' dir='ltr'><strong>quac</strong></span> <span class='ocrx_word' id='word_1_32' title='bbox 1276 802 1329 858; x_wconf 87' lang='lat' dir='ltr'><strong>tua</strong></span> <span class='ocrx_word' id='word_1_33' title='bbox 1344 796 1385 858; x_wconf 90' lang='lat' dir='ltr'><strong>sit</strong></span> 
     </span>
     <span class='ocr_line' id='line_1_5' title="bbox 228 891 1381 977; baseline -0.002 -21"><span class='ocrx_word' id='word_1_34' title='bbox 228 896 258 957; x_wconf 94' lang='lat' dir='ltr'><strong>in</strong></span> <span class='ocrx_word' id='word_1_35' title='bbox 270 896 366 977; x_wconf 83' lang='lat' dir='ltr'><strong>ipsam</strong></span> <span class='ocrx_word' id='word_1_36' title='bbox 372 896 562 959; x_wconf 84' lang='lat' dir='ltr'><strong>Austriacam</strong></span> <span class='ocrx_word' id='word_1_37' title='bbox 574 898 704 958; x_wconf 88' lang='lat' dir='ltr'><strong>Domum</strong></span> <span class='ocrx_word' id='word_1_38' title='bbox 717 893 918 970; x_wconf 90' lang='lat' dir='ltr'><strong>observantia,</strong></span> <span class='ocrx_word' id='word_1_39' title='bbox 930 909 1049 973; x_wconf 90' lang='lat' dir='ltr'><strong>unaque</strong></span> <span class='ocrx_word' id='word_1_40' title='bbox 1060 891 1153 953; x_wconf 88' lang='lat' dir='ltr'><strong>etiarn</strong></span> <span class='ocrx_word' id='word_1_41' title='bbox 1166 898 1219 952; x_wconf 89' lang='lat' dir='ltr'><strong>tna</strong></span> <span class='ocrx_word' id='word_1_42' title='bbox 1230 910 1304 972; x_wconf 88' lang='lat' dir='ltr'><strong>erga</strong></span> <span class='ocrx_word' id='word_1_43' title='bbox 1318 894 1381 954; x_wconf 91' lang='lat' dir='ltr'><strong>Nos</strong></span> 
     </span>
     <span class='ocr_line' id='line_1_6' title="bbox 227 990 1380 1076; baseline -0.001 -23"><span class='ocrx_word' id='word_1_44' title='bbox 227 993 327 1054; x_wconf 88' lang='lat' dir='ltr'><strong>studia</strong></span> <span class='ocrx_word' id='word_1_45' title='bbox 345 993 547 1076; x_wconf 85' lang='lat' dir='ltr'><strong>pietatemque</strong></span> <span class='ocrx_word' id='word_1_46' title='bbox 568 992 743 1069; x_wconf 80' lang='lat' dir='ltr'><strong>declarasti,</strong></span> <span class='ocrx_word' id='word_1_47' title='bbox 763 1012 833 1055; x_wconf 90' lang='lat' dir='ltr'><strong>cum</strong></span> <span class='ocrx_word' id='word_1_48' title='bbox 854 991 937 1072; x_wconf 90' lang='lat' dir='ltr'><strong>qnod</strong></span> <span class='ocrx_word' id='word_1_49' title='bbox 953 992 1085 1052; x_wconf 85' lang='lat' dir='ltr'><strong>maxime</strong></span> <span class='ocrx_word' id='word_1_50' title='bbox 1106 990 1258 1051; x_wconf 87' lang='lat' dir='ltr'><strong>oblectare</strong></span> <span class='ocrx_word' id='word_1_51' title='bbox 1274 991 1380 1052; x_wconf 93' lang='lat' dir='ltr'><strong>oculos</strong></span> 
     </span>
     <span class='ocr_line' id='line_1_7' title="bbox 226 1086 1381 1173; baseline -0.003 -22"><span class='ocrx_word' id='word_1_52' title='bbox 226 1100 344 1152; x_wconf 89' lang='lat' dir='ltr'><strong>nostros</strong></span> <span class='ocrx_word' id='word_1_53' title='bbox 361 1097 461 1172; x_wconf 91' lang='lat' dir='ltr'><strong>posset</strong></span> <span class='ocrx_word' id='word_1_54' title='bbox 483 1109 539 1173; x_wconf 92' lang='lat' dir='ltr'><strong>pro</strong></span> <span class='ocrx_word' id='word_1_55' title='bbox 560 1090 701 1171; x_wconf 81' lang='lat' dir='ltr'><strong>singulari</strong></span> <span class='ocrx_word' id='word_1_56' title='bbox 722 1097 825 1151; x_wconf 85' lang='lat' dir='ltr'><strong>nostra</strong></span> <span class='ocrx_word' id='word_1_57' title='bbox 849 1089 880 1150; x_wconf 93' lang='lat' dir='ltr'><strong>in</strong></span> <span class='ocrx_word' id='word_1_58' title='bbox 899 1106 967 1150; x_wconf 92' lang='lat' dir='ltr'><strong>earn</strong></span> <span class='ocrx_word' id='word_1_59' title='bbox 981 1086 1126 1149; x_wconf 87' lang='lat' dir='ltr'><strong>familiam</strong></span> <span class='ocrx_word' id='word_1_60' title='bbox 1149 1093 1278 1167; x_wconf 91' lang='lat' dir='ltr'><strong>paterna</strong></span> <span class='ocrx_word' id='word_1_61' title='bbox 1297 1088 1381 1148; x_wconf 88' lang='lat' dir='ltr'><strong>cari-</strong></span> 
     </span>
     <span class='ocr_line' id='line_1_8' title="bbox 225 1181 1378 1266; baseline -0.003 -19"><span class='ocrx_word' id='word_1_62' title='bbox 225 1194 287 1248; x_wconf 87' lang='lat' dir='ltr'><strong>tate</strong></span> <span class='ocrx_word' id='word_1_63' title='bbox 311 1186 523 1249; x_wconf 88' lang='lat' dir='ltr'><strong>transmiseris.</strong></span> <span class='ocrx_word' id='word_1_64' title='bbox 546 1185 594 1247; x_wconf 84' lang='lat' dir='ltr'><strong>Ad</strong></span> <span class='ocrx_word' id='word_1_65' title='bbox 619 1192 682 1247; x_wconf 90' lang='lat' dir='ltr'><strong>tam</strong></span> <span class='ocrx_word' id='word_1_66' title='bbox 710 1192 869 1266; x_wconf 88' lang='lat' dir='ltr'><strong>acceptum</strong></span> <span class='ocrx_word' id='word_1_67' title='bbox 894 1201 1005 1245; x_wconf 90' lang='lat' dir='ltr'><strong>munus</strong></span> <span class='ocrx_word' id='word_1_68' title='bbox 1029 1181 1191 1261; x_wconf 87' lang='lat' dir='ltr'><strong>adjunxisti</strong></span> <span class='ocrx_word' id='word_1_69' title='bbox 1210 1189 1281 1243; x_wconf 88' lang='lat' dir='ltr'><strong>tuos</strong></span> <span class='ocrx_word' id='word_1_70' title='bbox 1305 1200 1378 1262; x_wconf 83' lang='lat' dir='ltr'><strong>erga</strong></span> 
     </span>
     <span class='ocr_line' id='line_1_9' title="bbox 225 1278 1378 1366; baseline -0.004 -21"><span class='ocrx_word' id='word_1_71' title='bbox 225 1285 298 1362; x_wconf 91' lang='lat' dir='ltr'><strong>Nos,</strong></span> <span class='ocrx_word' id='word_1_72' title='bbox 311 1283 560 1366; x_wconf 62' lang='lat' dir='ltr'><strong>ac&#39;Apostolicam</strong></span> <span class='ocrx_word' id='word_1_73' title='bbox 570 1283 647 1344; x_wconf 89' lang='lat' dir='ltr'><strong>banc</strong></span> <span class='ocrx_word' id='word_1_74' title='bbox 657 1281 765 1344; x_wconf 88' lang='lat' dir='ltr'><strong>Sedem</strong></span> <span class='ocrx_word' id='word_1_75' title='bbox 775 1283 879 1362; x_wconf 89' lang='lat' dir='ltr'><strong>plenos</strong></span> <span class='ocrx_word' id='word_1_76' title='bbox 890 1278 1058 1340; x_wconf 88' lang='lat' dir='ltr'><strong>devotionis</strong></span> <span class='ocrx_word' id='word_1_77' title='bbox 1067 1285 1299 1358; x_wconf 88' lang='lat' dir='ltr'><strong>ceterorumque</strong></span> <span class='ocrx_word' id='word_1_78' title='bbox 1310 1278 1378 1340; x_wconf 81' lang='lat' dir='ltr'><strong>oili-</strong></span> 
     </span>
     <span class='ocr_line' id='line_1_10' title="bbox 224 1376 1378 1462; baseline -0.001 -22"><span class='ocrx_word' id='word_1_79' title='bbox 224 1380 340 1443; x_wconf 87' lang='lat' dir='ltr'><strong>ciorum</strong></span> <span class='ocrx_word' id='word_1_80' title='bbox 361 1399 480 1459; x_wconf 91' lang='lat' dir='ltr'><strong>sensus,</strong></span> <span class='ocrx_word' id='word_1_81' title='bbox 497 1378 606 1462; x_wconf 90' lang='lat' dir='ltr'><strong>quibus</strong></span> <span class='ocrx_word' id='word_1_82' title='bbox 620 1380 709 1461; x_wconf 88' lang='lat' dir='ltr'><strong>plane</strong></span> <span class='ocrx_word' id='word_1_83' title='bbox 722 1378 776 1440; x_wconf 91' lang='lat' dir='ltr'><strong>tibi</strong></span> <span class='ocrx_word' id='word_1_84' title='bbox 797 1397 833 1440; x_wconf 90' lang='lat' dir='ltr'><strong>ea</strong></span> <span class='ocrx_word' id='word_1_85' title='bbox 853 1376 1070 1459; x_wconf 87' lang='lat' dir='ltr'><strong>respondemus</strong></span> <span class='ocrx_word' id='word_1_86' title='bbox 1092 1383 1218 1457; x_wconf 85' lang='lat' dir='ltr'><strong>paterna</strong></span> <span class='ocrx_word' id='word_1_87' title='bbox 1239 1377 1378 1439; x_wconf 89' lang='lat' dir='ltr'><strong>benevo-</strong></span> 
     </span>
     <span class='ocr_line' id='line_1_11' title="bbox 223 1472 1377 1561; baseline -0.002 -23"><span class='ocrx_word' id='word_1_88' title='bbox 223 1477 327 1556; x_wconf 86' lang='lat' dir='ltr'><strong>lentis,</strong></span> <span class='ocrx_word' id='word_1_89' title='bbox 340 1496 401 1561; x_wconf 82' lang='lat' dir='ltr'><strong>qua</strong></span> <span class='ocrx_word' id='word_1_90' title='bbox 414 1484 445 1539; x_wconf 90' lang='lat' dir='ltr'><strong>tu</strong></span> <span class='ocrx_word' id='word_1_91' title='bbox 460 1478 590 1539; x_wconf 87' lang='lat' dir='ltr'><strong>maxime</strong></span> <span class='ocrx_word' id='word_1_92' title='bbox 604 1475 728 1539; x_wconf 82' lang='lat' dir='ltr'><strong>allectos</strong></span> <span class='ocrx_word' id='word_1_93' title='bbox 742 1477 803 1538; x_wconf 90' lang='lat' dir='ltr'><strong>Nos</strong></span> <span class='ocrx_word' id='word_1_94' title='bbox 818 1493 880 1537; x_wconf 91' lang='lat' dir='ltr'><strong>esse</strong></span> <span class='ocrx_word' id='word_1_95' title='bbox 900 1493 971 1556; x_wconf 89' lang='lat' dir='ltr'><strong>erga</strong></span> <span class='ocrx_word' id='word_1_96' title='bbox 989 1481 1018 1535; x_wconf 90' lang='lat' dir='ltr'><strong>te</strong></span> <span class='ocrx_word' id='word_1_97' title='bbox 1032 1472 1115 1535; x_wconf 86' lang='lat' dir='ltr'><strong>velis.</strong></span> <span class='ocrx_word' id='word_1_98' title='bbox 1132 1472 1178 1535; x_wconf 82' lang='lat' dir='ltr'><strong>Ac</strong></span> <span class='ocrx_word' id='word_1_99' title='bbox 1191 1472 1223 1534; x_wconf 93' lang='lat' dir='ltr'><strong>in</strong></span> <span class='ocrx_word' id='word_1_100' title='bbox 1237 1472 1377 1552; x_wconf 82' lang='lat' dir='ltr'><strong>ejusdem</strong></span> 
     </span>
     <span class='ocr_line' id='line_1_12' title="bbox 224 1570 1376 1656; baseline -0.002 -18"><span class='ocrx_word' id='word_1_101' title='bbox 224 1580 435 1655; x_wconf 76' lang='lat' dir='ltr'><strong>argumentum</strong></span> <span class='ocrx_word' id='word_1_102' title='bbox 446 1574 641 1656; x_wconf 89' lang='lat' dir='ltr'><strong>apostolicam</strong></span> <span class='ocrx_word' id='word_1_103' title='bbox 653 1573 903 1651; x_wconf 88' lang='lat' dir='ltr'><strong>benedictionem,</strong></span> <span class='ocrx_word' id='word_1_104' title='bbox 917 1572 983 1648; x_wconf 94' lang='lat' dir='ltr'><strong>tibi,</strong></span> <span class='ocrx_word' id='word_1_105' title='bbox 996 1571 1104 1635; x_wconf 87' lang='lat' dir='ltr'><strong>dilecte</strong></span> <span class='ocrx_word' id='word_1_106' title='bbox 1116 1570 1169 1650; x_wconf 88' lang='lat' dir='ltr'><strong>lili,</strong></span> <span class='ocrx_word' id='word_1_107' title='bbox 1181 1581 1376 1654; x_wconf 88' lang='lat' dir='ltr'><strong>peramanter</strong></span> 
     </span>
     <span class='ocr_line' id='line_1_13' title="bbox 223 1668 1377 1753; baseline 0.001 -23"><span class='ocrx_word' id='word_1_108' title='bbox 223 1670 423 1753; x_wconf 90' lang='lat' dir='ltr'><strong>impertimur.</strong></span> <span class='ocrx_word' id='word_1_109' title='bbox 440 1674 554 1734; x_wconf 81' lang='lat' dir='ltr'><strong>Datum</strong></span> <span class='ocrx_word' id='word_1_110' title='bbox 570 1672 680 1742; x_wconf 78' lang='lat' dir='ltr'><strong>Roma,</strong></span> <span class='ocrx_word' id='word_1_111' title='bbox 692 1677 762 1741; x_wconf 74' lang='lat' dir='ltr'><strong>etc„</strong></span> <span class='ocrx_word' id='word_1_112' title='bbox 779 1670 828 1731; x_wconf 88' lang='lat' dir='ltr'><strong>die</strong></span> <span class='ocrx_word' id='word_1_113' title='bbox 841 1680 877 1730; x_wconf 75' lang='lat'><strong>20</strong></span> <span class='ocrx_word' id='word_1_114' title='bbox 891 1668 1058 1730; x_wconf 77' lang='lat' dir='ltr'><strong>novembris</strong></span> <span class='ocrx_word' id='word_1_115' title='bbox 1079 1679 1166 1745; x_wconf 84' lang='grc'><strong>1771,</strong></span> <span class='ocrx_word' id='word_1_116' title='bbox 1180 1671 1377 1748; x_wconf 68' lang='lat' dir='ltr'><strong>pontificalia</strong></span> 
     </span>
     <span class='ocr_line' id='line_1_14' title="bbox 223 1773 520 1832; baseline 0 -3"><span class='ocrx_word' id='word_1_117' title='bbox 223 1773 324 1830; x_wconf 81' lang='lat' dir='ltr'><strong>nostri</strong></span> <span class='ocrx_word' id='word_1_118' title='bbox 333 1787 414 1832; x_wconf 80' lang='lat' dir='ltr'><strong>cono</strong></span> <span class='ocrx_word' id='word_1_119' title='bbox 424 1773 520 1831; x_wconf 77' lang='lat' dir='ltr'><strong>tertio.</strong></span> 
     </span>
    </p>
   </div>
   <div class='ocr_carea' id='block_1_3' title="bbox 710 1861 885 1873">
    <p class='ocr_par' dir='ltr' id='par_1_3' title="bbox 710 1861 885 1873">
     <span class='ocr_line' id='line_1_15' title="bbox 710 1861 885 1873; baseline -0.006 -1"><span class='ocrx_word' id='word_1_120' title='bbox 710 1861 885 1873; x_wconf 69' lang='lat' dir='ltr'>n——tu</span> 
     </span>
    </p>
   </div>
   <div class='ocr_carea' id='block_1_4' title="bbox 722 1976 865 2049">
    <p class='ocr_par' dir='ltr' id='par_1_4' title="bbox 722 1976 865 2049">
     <span class='ocr_line' id='line_1_16' title="bbox 722 1976 865 2049; baseline -0.035 0"><span class='ocrx_word' id='word_1_121' title='bbox 722 1976 865 2049; x_wconf 85' lang='lat' dir='ltr'>CLXIX.</span> 
     </span>
    </p>
   </div>
   <div class='ocr_carea' id='block_1_5' title="bbox 407 2123 1181 2285">
    <p class='ocr_par' dir='ltr' id='par_1_5' title="bbox 407 2123 1181 2285">
     <span class='ocr_line' id='line_1_17' title="bbox 559 2123 1029 2169; baseline -0.009 0"><span class='ocrx_word' id='word_1_122' title='bbox 559 2125 691 2169; x_wconf 81' lang='lat' dir='ltr'><strong>urrrcro</strong></span> <span class='ocrx_word' id='word_1_123' title='bbox 710 2125 799 2168; x_wconf 80' lang='lat' dir='ltr'><strong>rrrro</strong></span> <span class='ocrx_word' id='word_1_124' title='bbox 822 2124 931 2168; x_wconf 83' lang='lat' dir='ltr'><strong>uourur</strong></span> <span class='ocrx_word' id='word_1_125' title='bbox 954 2123 1029 2166; x_wconf 83' lang='lat' dir='ltr'><strong>vrso</strong></span> 
     </span>
     <span class='ocr_line' id='line_1_18' title="bbox 407 2219 1181 2285; baseline -0.004 -2"><span class='ocrx_word' id='word_1_126' title='bbox 407 2223 658 2285; x_wconf 76' lang='lat' dir='ltr'><strong>vnuusulco</strong></span> <span class='ocrx_word' id='word_1_127' title='bbox 691 2220 979 2282; x_wconf 78' lang='lat' dir='ltr'>LANDGRAVIO</span> <span class='ocrx_word' id='word_1_128' title='bbox 1013 2219 1181 2281; x_wconf 81' lang='lat' dir='ltr'>HASSIAE</span> 
     </span>
    </p>
   </div>
   <div class='ocr_carea' id='block_1_6' title="bbox 532 2334 1057 2415">
    <p class='ocr_par' dir='ltr' id='par_1_6' title="bbox 532 2334 1057 2415">
     <span class='ocr_line' id='line_1_19' title="bbox 532 2334 1057 2415; baseline -0.008 -1"><span class='ocrx_word' id='word_1_129' title='bbox 532 2335 766 2415; x_wconf 87' lang='lat' dir='ltr'><strong>CLEMENS</strong></span> <span class='ocrx_word' id='word_1_130' title='bbox 792 2336 923 2413; x_wconf 90' lang='grc' dir='ltr'><strong>ΡΑΡΑ</strong></span> <span class='ocrx_word' id='word_1_131' title='bbox 950 2334 1057 2412; x_wconf 87' lang='lat' dir='ltr'><strong>XIV.</strong></span> 
     </span>
    </p>
   </div>
   <div class='ocr_carea' id='block_1_7' title="bbox 911 2470 1308 2544">
    <p class='ocr_par' dir='ltr' id='par_1_7' title="bbox 911 2470 1308 2544">
     <span class='ocr_line' id='line_1_20' title="bbox 911 2470 1308 2544; baseline -0.003 -9"><span class='ocrx_word' id='word_1_132' title='bbox 911 2470 913 2478; x_wconf 52' lang='lat'><strong>¹</strong></span> <span class='ocrx_word' id='word_1_133' title='bbox 929 2487 1026 2544; x_wconf 79' lang='lat' dir='ltr'><strong>Roma,</strong></span> <span class='ocrx_word' id='word_1_134' title='bbox 1042 2490 1073 2534; x_wconf 83' lang='grc' dir='ltr'><strong>1ο</strong></span> <span class='ocrx_word' id='word_1_135' title='bbox 1086 2483 1224 2534; x_wconf 81' lang='lat' dir='ltr'><strong>novembris</strong></span> <span class='ocrx_word' id='word_1_136' title='bbox 1238 2488 1308 2535; x_wconf 88' lang='grc'><strong>1771.</strong></span> 
     </span>
    </p>
   </div>
   <div class='ocr_carea' id='block_1_8' title="bbox 217 2591 1388 4516">
    <p class='ocr_par' dir='ltr' id='par_1_8' title="bbox 217 2591 1388 4516">
     <span class='ocr_line' id='line_1_21' title="bbox 262 2591 1374 2677; baseline 0 -22"><span class='ocrx_word' id='word_1_137' title='bbox 262 2595 394 2669; x_wconf 80' lang='lat' dir='ltr'><strong>Dilecta,</strong></span> <span class='ocrx_word' id='word_1_138' title='bbox 418 2599 474 2655; x_wconf 87' lang='lat' dir='ltr'><strong>etc.</strong></span> <span class='ocrx_word' id='word_1_139' title='bbox 501 2594 631 2656; x_wconf 81' lang='lat' dir='ltr'><strong>Maxime</strong></span> <span class='ocrx_word' id='word_1_140' title='bbox 645 2612 824 2677; x_wconf 90' lang='lat' dir='ltr'><strong>cuperemus</strong></span> <span class='ocrx_word' id='word_1_141' title='bbox 842 2610 899 2675; x_wconf 90' lang='lat' dir='ltr'><strong>pra</strong></span> <span class='ocrx_word' id='word_1_142' title='bbox 916 2593 981 2670; x_wconf 93' lang='lat' dir='ltr'><strong>illa,</strong></span> <span class='ocrx_word' id='word_1_143' title='bbox 1002 2611 1064 2675; x_wconf 87' lang='lat' dir='ltr'><strong>qua</strong></span> <span class='ocrx_word' id='word_1_144' title='bbox 1080 2609 1152 2672; x_wconf 89' lang='lat' dir='ltr'><strong>erga</strong></span> <span class='ocrx_word' id='word_1_145' title='bbox 1175 2591 1374 2655; x_wconf 89' lang='lat' dir='ltr'><strong>Nobilitatem</strong></span> 
     </span>
     <span class='ocr_line' id='line_1_22' title="bbox 221 2689 1373 2775; baseline 0.003 -25"><span class='ocrx_word' id='word_1_146' title='bbox 221 2698 305 2753; x_wconf 92' lang='lat' dir='ltr'><strong>tuam</strong></span> <span class='ocrx_word' id='word_1_147' title='bbox 321 2697 442 2768; x_wconf 91' lang='lat' dir='ltr'><strong>sutnus,</strong></span> <span class='ocrx_word' id='word_1_148' title='bbox 462 2689 604 2772; x_wconf 81' lang='lat' dir='ltr'><strong>singulari</strong></span> <span class='ocrx_word' id='word_1_149' title='bbox 622 2699 748 2775; x_wconf 90' lang='lat' dir='ltr'><strong>paterna</strong></span> <span class='ocrx_word' id='word_1_150' title='bbox 769 2690 894 2754; x_wconf 89' lang='lat' dir='ltr'><strong>caritate</strong></span> <span class='ocrx_word' id='word_1_151' title='bbox 912 2689 1075 2772; x_wconf 84' lang='lat' dir='ltr'><strong>gratificari</strong></span> <span class='ocrx_word' id='word_1_152' title='bbox 1089 2690 1142 2751; x_wconf 92' lang='lat' dir='ltr'><strong>tibi</strong></span> <span class='ocrx_word' id='word_1_153' title='bbox 1157 2708 1265 2772; x_wconf 88' lang='lat' dir='ltr'><strong>posse,</strong></span> <span class='ocrx_word' id='word_1_154' title='bbox 1282 2689 1316 2752; x_wconf 95' lang='lat' dir='ltr'><strong>in</strong></span> <span class='ocrx_word' id='word_1_155' title='bbox 1337 2709 1373 2753; x_wconf 91' lang='lat' dir='ltr'><strong>eo</strong></span> 
     </span>
     <span class='ocr_line' id='line_1_23' title="bbox 219 2787 1373 2879; baseline 0.003 -30"><span class='ocrx_word' id='word_1_156' title='bbox 219 2787 330 2868; x_wconf 86' lang='lat' dir='ltr'><strong>quoda</strong></span> <span class='ocrx_word' id='word_1_157' title='bbox 342 2788 436 2851; x_wconf 88' lang='lat' dir='ltr'><strong>Nobis</strong></span> <span class='ocrx_word' id='word_1_158' title='bbox 449 2807 503 2871; x_wconf 90' lang='lat' dir='ltr'><strong>per</strong></span> <span class='ocrx_word' id='word_1_159' title='bbox 519 2790 621 2879; x_wconf 84' lang='lat' dir='ltr'><strong>literas</strong></span> <span class='ocrx_word' id='word_1_160' title='bbox 630 2791 777 2872; x_wconf 88' lang='lat' dir='ltr'><strong>postulas,</strong></span> <span class='ocrx_word' id='word_1_161' title='bbox 792 2795 827 2853; x_wconf 92' lang='lat' dir='ltr'><strong>ut</strong></span> <span class='ocrx_word' id='word_1_162' title='bbox 839 2788 952 2853; x_wconf 86' lang='lat' dir='ltr'><strong>scilieet</strong></span> <span class='ocrx_word' id='word_1_163' title='bbox 962 2789 1105 2852; x_wconf 87' lang='lat' dir='ltr'><strong>dilectum</strong></span> <span class='ocrx_word' id='word_1_164' title='bbox 1116 2789 1213 2859; x_wconf 90' lang='lat' dir='ltr'><strong>lilium</strong></span> <span class='ocrx_word' id='word_1_165' title='bbox 1225 2789 1373 2870; x_wconf 88' lang='lat' dir='ltr'><strong>Ephraim</strong></span> 
     </span>
     <span class='ocr_line' id='line_1_24' title="bbox 220 2885 1374 2968; baseline 0.001 -21"><span class='ocrx_word' id='word_1_166' title='bbox 220 2885 368 2967; x_wconf 85' lang='lat' dir='ltr'><strong>llonoplra</strong></span> <span class='ocrx_word' id='word_1_167' title='bbox 378 2888 475 2948; x_wconf 81' lang='lat' dir='ltr'><strong>Sacra</strong></span> <span class='ocrx_word' id='word_1_168' title='bbox 486 2886 656 2968; x_wconf 82' lang='lat' dir='ltr'><strong>Theologia</strong></span> <span class='ocrx_word' id='word_1_169' title='bbox 669 2891 829 2951; x_wconf 86' lang='lat' dir='ltr'><strong>Ductorem</strong></span> <span class='ocrx_word' id='word_1_170' title='bbox 835 2885 953 2950; x_wconf 85' lang='lat' dir='ltr'><strong>Ordinis</strong></span> <span class='ocrx_word' id='word_1_171' title='bbox 961 2886 1112 2950; x_wconf 82' lang='lat' dir='ltr'><strong>Minorum</strong></span> <span class='ocrx_word' id='word_1_172' title='bbox 1124 2887 1374 2949; x_wconf 88' lang='lat' dir='ltr'><strong>conventualium</strong></span> 
     </span>
     <span class='ocr_line' id='line_1_25' title="bbox 220 2982 1375 3067; baseline 0.002 -23"><span class='ocrx_word' id='word_1_173' title='bbox 220 2983 259 3044; x_wconf 88' lang='lat' dir='ltr'><strong>ad</strong></span> <span class='ocrx_word' id='word_1_174' title='bbox 273 2984 402 3064; x_wconf 89' lang='lat' dir='ltr'><strong>aliquem</strong></span> <span class='ocrx_word' id='word_1_175' title='bbox 415 2984 445 3047; x_wconf 96' lang='lat' dir='ltr'><strong>in</strong></span> <span class='ocrx_word' id='word_1_176' title='bbox 458 2982 596 3048; x_wconf 91' lang='lat' dir='ltr'><strong>Partibus</strong></span> <span class='ocrx_word' id='word_1_177' title='bbox 610 2984 826 3067; x_wconf 86' lang='lat' dir='ltr'><strong>Episcopatum</strong></span> <span class='ocrx_word' id='word_1_178' title='bbox 841 2984 1015 3047; x_wconf 86' lang='lat' dir='ltr'><strong>evehamus.</strong></span> <span class='ocrx_word' id='word_1_179' title='bbox 1028 2985 1205 3045; x_wconf 89' lang='lat' dir='ltr'><strong>Putaremus</strong></span> <span class='ocrx_word' id='word_1_180' title='bbox 1218 3001 1295 3045; x_wconf 91' lang='lat' dir='ltr'><strong>sane</strong></span> <span class='ocrx_word' id='word_1_181' title='bbox 1313 3002 1375 3046; x_wconf 91' lang='lat' dir='ltr'><strong>non</strong></span> 
     </span>
     <span class='ocr_line' id='line_1_26' title="bbox 220 3079 1374 3164; baseline -0.008 -14"><span class='ocrx_word' id='word_1_182' title='bbox 220 3081 315 3160; x_wconf 83' lang='lat' dir='ltr'><strong>magis</strong></span> <span class='ocrx_word' id='word_1_183' title='bbox 331 3082 405 3162; x_wconf 86' lang='lat' dir='ltr'><strong>tuis,</strong></span> <span class='ocrx_word' id='word_1_184' title='bbox 420 3101 512 3164; x_wconf 92' lang='lat' dir='ltr'><strong>quarn</strong></span> <span class='ocrx_word' id='word_1_185' title='bbox 532 3083 643 3146; x_wconf 90' lang='lat' dir='ltr'><strong>nostris</strong></span> <span class='ocrx_word' id='word_1_186' title='bbox 656 3085 718 3145; x_wconf 89' lang='lat' dir='ltr'><strong>Nos</strong></span> <span class='ocrx_word' id='word_1_187' title='bbox 731 3082 837 3145; x_wconf 92' lang='lat' dir='ltr'><strong>studiis</strong></span> <span class='ocrx_word' id='word_1_188' title='bbox 855 3081 1026 3145; x_wconf 79' lang='lat' dir='ltr'><strong>satisfacere</strong></span> <span class='ocrx_word' id='word_1_189' title='bbox 1042 3081 1074 3142; x_wconf 88' lang='lat' dir='ltr'><strong>iu</strong></span> <span class='ocrx_word' id='word_1_190' title='bbox 1091 3099 1128 3142; x_wconf 91' lang='lat' dir='ltr'><strong>eo</strong></span> <span class='ocrx_word' id='word_1_191' title='bbox 1141 3079 1280 3143; x_wconf 87' lang='lat' dir='ltr'><strong>ornando</strong></span> <span class='ocrx_word' id='word_1_192' title='bbox 1291 3080 1374 3157; x_wconf 89' lang='lat' dir='ltr'><strong>viro,</strong></span> 
     </span>
     <span class='ocr_line' id='line_1_27' title="bbox 218 3176 1375 3262; baseline 0.005 -26"><span class='ocrx_word' id='word_1_193' title='bbox 218 3194 291 3237; x_wconf 84' lang='lat' dir='ltr'><strong>curn</strong></span> <span class='ocrx_word' id='word_1_194' title='bbox 305 3176 421 3240; x_wconf 90' lang='lat' dir='ltr'><strong>decoris</strong></span> <span class='ocrx_word' id='word_1_195' title='bbox 430 3178 542 3260; x_wconf 87' lang='lat' dir='ltr'><strong>aliquid</strong></span> <span class='ocrx_word' id='word_1_196' title='bbox 551 3179 607 3260; x_wconf 90' lang='lat' dir='ltr'><strong>ipsi</strong></span> <span class='ocrx_word' id='word_1_197' title='bbox 619 3179 731 3258; x_wconf 85' lang='lat' dir='ltr'><strong>Ordini,</strong></span> <span class='ocrx_word' id='word_1_198' title='bbox 744 3200 835 3261; x_wconf 91' lang='lat' dir='ltr'><strong>quern</strong></span> <span class='ocrx_word' id='word_1_199' title='bbox 847 3180 1013 3262; x_wconf 90' lang='lat' dir='ltr'><strong>plurimum</strong></span> <span class='ocrx_word' id='word_1_200' title='bbox 1022 3177 1184 3259; x_wconf 77' lang='lat' dir='ltr'><strong>diligimus,</strong></span> <span class='ocrx_word' id='word_1_201' title='bbox 1198 3178 1375 3258; x_wconf 87' lang='lat' dir='ltr'><strong>adjunxisse</strong></span> 
     </span>
     <span class='ocr_line' id='line_1_28' title="bbox 221 3271 1375 3358; baseline 0.006 -26"><span class='ocrx_word' id='word_1_202' title='bbox 221 3271 401 3336; x_wconf 86' lang='lat' dir='ltr'><strong>videremur.</strong></span> <span class='ocrx_word' id='word_1_203' title='bbox 421 3275 509 3337; x_wconf 85' lang='lat' dir='ltr'><strong>Ratio</strong></span> <span class='ocrx_word' id='word_1_204' title='bbox 532 3282 650 3354; x_wconf 88' lang='lat' dir='ltr'><strong>tamen,</strong></span> <span class='ocrx_word' id='word_1_205' title='bbox 673 3295 765 3357; x_wconf 92' lang='lat' dir='ltr'><strong>quam</strong></span> <span class='ocrx_word' id='word_1_206' title='bbox 788 3285 890 3340; x_wconf 89' lang='lat' dir='ltr'><strong>tenere</strong></span> <span class='ocrx_word' id='word_1_207' title='bbox 910 3277 941 3339; x_wconf 93' lang='lat' dir='ltr'><strong>in</strong></span> <span class='ocrx_word' id='word_1_208' title='bbox 962 3275 999 3339; x_wconf 93' lang='lat' dir='ltr'><strong>iis</strong></span> <span class='ocrx_word' id='word_1_209' title='bbox 1024 3275 1225 3339; x_wconf 88' lang='lat' dir='ltr'><strong>concedendis</strong></span> <span class='ocrx_word' id='word_1_210' title='bbox 1249 3275 1375 3358; x_wconf 89' lang='lat' dir='ltr'><strong>episco-</strong></span> 
     </span>
     <span class='ocr_line' id='line_1_29' title="bbox 220 3368 1374 3451; baseline 0.005 -22"><span class='ocrx_word' id='word_1_211' title='bbox 220 3368 340 3449; x_wconf 88' lang='lat' dir='ltr'><strong>patibus</strong></span> <span class='ocrx_word' id='word_1_212' title='bbox 358 3370 518 3449; x_wconf 91' lang='lat' dir='ltr'><strong>debemus,</strong></span> <span class='ocrx_word' id='word_1_213' title='bbox 529 3392 601 3435; x_wconf 90' lang='lat' dir='ltr'><strong>curn</strong></span> <span class='ocrx_word' id='word_1_214' title='bbox 618 3392 655 3437; x_wconf 90' lang='lat' dir='ltr'><strong>ea</strong></span> <span class='ocrx_word' id='word_1_215' title='bbox 668 3375 723 3451; x_wconf 89' lang='lat' dir='ltr'><strong>sit,</strong></span> <span class='ocrx_word' id='word_1_216' title='bbox 738 3375 846 3437; x_wconf 87' lang='lat' dir='ltr'><strong>dilecta</strong></span> <span class='ocrx_word' id='word_1_217' title='bbox 859 3375 902 3437; x_wconf 89' lang='lat' dir='ltr'><strong>fili</strong></span> <span class='ocrx_word' id='word_1_218' title='bbox 919 3372 1029 3436; x_wconf 88' lang='lat' dir='ltr'><strong>nobilis</strong></span> <span class='ocrx_word' id='word_1_219' title='bbox 1044 3373 1101 3451; x_wconf 87' lang='lat' dir='ltr'><strong>vir,</strong></span> <span class='ocrx_word' id='word_1_220' title='bbox 1116 3380 1150 3434; x_wconf 93' lang='lat' dir='ltr'><strong>ut</strong></span> <span class='ocrx_word' id='word_1_221' title='bbox 1169 3391 1232 3435; x_wconf 92' lang='lat' dir='ltr'><strong>non</strong></span> <span class='ocrx_word' id='word_1_222' title='bbox 1245 3372 1306 3436; x_wconf 91' lang='lat' dir='ltr'><strong>nisi</strong></span> <span class='ocrx_word' id='word_1_223' title='bbox 1317 3373 1374 3435; x_wconf 93' lang='lat' dir='ltr'><strong>illis</strong></span> 
     </span>
     <span class='ocr_line' id='line_1_30' title="bbox 221 3461 1384 3553; baseline 0.006 -27"><span class='ocrx_word' id='word_1_224' title='bbox 221 3465 370 3527; x_wconf 87' lang='lat' dir='ltr'><strong>interdum</strong></span> <span class='ocrx_word' id='word_1_225' title='bbox 384 3466 586 3547; x_wconf 84' lang='lat' dir='ltr'><strong>conserantur,</strong></span> <span class='ocrx_word' id='word_1_226' title='bbox 602 3489 678 3551; x_wconf 88' lang='lat' dir='ltr'><strong>quos</strong></span> <span class='ocrx_word' id='word_1_227' title='bbox 696 3471 828 3553; x_wconf 89' lang='lat' dir='ltr'><strong>episcopi</strong></span> <span class='ocrx_word' id='word_1_228' title='bbox 847 3470 1050 3551; x_wconf 82' lang='lat' dir='ltr'><strong>suffraganeos</strong></span> <span class='ocrx_word' id='word_1_229' title='bbox 1068 3470 1143 3547; x_wconf 91' lang='lat' dir='ltr'><strong>sibi,</strong></span> <span class='ocrx_word' id='word_1_230' title='bbox 1162 3488 1198 3532; x_wconf 89' lang='lat' dir='ltr'><strong>ac</strong></span> <span class='ocrx_word' id='word_1_231' title='bbox 1214 3461 1384 3552; x_wconf 83' lang='lat' dir='ltr'><strong>tamquam&#39;</strong></span> 
     </span>
     <span class='ocr_line' id='line_1_31' title="bbox 219 3564 1374 3649; baseline 0.004 -23"><span class='ocrx_word' id='word_1_232' title='bbox 219 3564 414 3628; x_wconf 87' lang='lat' dir='ltr'><strong>subsidiarios</strong></span> <span class='ocrx_word' id='word_1_233' title='bbox 424 3565 455 3628; x_wconf 93' lang='lat' dir='ltr'><strong>iu</strong></span> <span class='ocrx_word' id='word_1_234' title='bbox 464 3568 650 3649; x_wconf 90' lang='lat' dir='ltr'><strong>amplissima</strong></span> <span class='ocrx_word' id='word_1_235' title='bbox 661 3568 783 3632; x_wconf 86' lang='lat' dir='ltr'><strong>Dioecesi</strong></span> <span class='ocrx_word' id='word_1_236' title='bbox 797 3567 928 3649; x_wconf 88' lang='lat' dir='ltr'><strong>regenda</strong></span> <span class='ocrx_word' id='word_1_237' title='bbox 938 3567 1107 3631; x_wconf 90' lang='lat' dir='ltr'><strong>necessario</strong></span> <span class='ocrx_word' id='word_1_238' title='bbox 1119 3566 1297 3648; x_wconf 86' lang='lat' dir='ltr'><strong>delegerint,</strong></span> <span class='ocrx_word' id='word_1_239' title='bbox 1310 3568 1374 3631; x_wconf 82' lang='lat' dir='ltr'><strong>hac</strong></span> 
     </span>
     <span class='ocr_line' id='line_1_32' title="bbox 219 3663 1374 3746; baseline 0.004 -22"><span class='ocrx_word' id='word_1_240' title='bbox 219 3663 284 3745; x_wconf 89' lang='lat' dir='ltr'><strong>ipsa</strong></span> <span class='ocrx_word' id='word_1_241' title='bbox 304 3664 365 3725; x_wconf 91' lang='lat' dir='ltr'><strong>Nos</strong></span> <span class='ocrx_word' id='word_1_242' title='bbox 380 3663 473 3743; x_wconf 90' lang='lat' dir='ltr'><strong>ratio,</strong></span> <span class='ocrx_word' id='word_1_243' title='bbox 495 3666 548 3728; x_wconf 89' lang='lat' dir='ltr'><strong>etsi</strong></span> <span class='ocrx_word' id='word_1_244' title='bbox 568 3665 677 3729; x_wconf 90' lang='lat' dir='ltr'><strong>invitos</strong></span> <span class='ocrx_word' id='word_1_245' title='bbox 698 3666 814 3729; x_wconf 89' lang='lat' dir='ltr'><strong>inducit</strong></span> <span class='ocrx_word' id='word_1_246' title='bbox 839 3683 878 3727; x_wconf 93' lang='lat' dir='ltr'><strong>ne</strong></span> <span class='ocrx_word' id='word_1_247' title='bbox 898 3664 958 3728; x_wconf 88' lang='lat' dir='ltr'><strong>tuis</strong></span> <span class='ocrx_word' id='word_1_248' title='bbox 972 3664 1140 3746; x_wconf 88' lang='lat' dir='ltr'><strong>nostrisque</strong></span> <span class='ocrx_word' id='word_1_249' title='bbox 1160 3664 1323 3729; x_wconf 88' lang='lat' dir='ltr'><strong>desideriis</strong></span> <span class='ocrx_word' id='word_1_250' title='bbox 1343 3667 1374 3729; x_wconf 91' lang='lat' dir='ltr'><strong>ia</strong></span> 
     </span>
     <span class='ocr_line' id='line_1_33' title="bbox 217 3755 1375 3844; baseline 0.004 -21"><span class='ocrx_word' id='word_1_251' title='bbox 217 3760 376 3842; x_wconf 77' lang='lat' dir='ltr'><strong>prasentia</strong></span> <span class='ocrx_word' id='word_1_252' title='bbox 391 3762 603 3844; x_wconf 89' lang='lat' dir='ltr'><strong>obsequamur.</strong></span> <span class='ocrx_word' id='word_1_253' title='bbox 616 3755 649 3825; x_wconf 93' lang='lat' dir='ltr'><strong>ln</strong></span> <span class='ocrx_word' id='word_1_254' title='bbox 665 3769 750 3826; x_wconf 91' lang='lat' dir='ltr'><strong>tuam</strong></span> <span class='ocrx_word' id='word_1_255' title='bbox 763 3782 835 3844; x_wconf 88' lang='lat' dir='ltr'><strong>erga</strong></span> <span class='ocrx_word' id='word_1_256' title='bbox 851 3764 913 3825; x_wconf 91' lang='lat' dir='ltr'><strong>Nos</strong></span> <span class='ocrx_word' id='word_1_257' title='bbox 927 3762 1069 3844; x_wconf 88' lang='lat' dir='ltr'><strong>pietatem</strong></span> <span class='ocrx_word' id='word_1_258' title='bbox 1081 3762 1233 3825; x_wconf 81' lang='lat' dir='ltr'><strong>intuentes</strong></span> <span class='ocrx_word' id='word_1_259' title='bbox 1245 3763 1375 3828; x_wconf 79' lang='lat' dir='ltr'><strong>udniure</strong></span> 
     </span>
     <span class='ocr_line' id='line_1_34' title="bbox 218 3857 1374 3941; baseline 0.005 -22"><span class='ocrx_word' id='word_1_260' title='bbox 218 3857 302 3920; x_wconf 92' lang='lat' dir='ltr'><strong>dubii</strong></span> <span class='ocrx_word' id='word_1_261' title='bbox 317 3876 434 3936; x_wconf 92' lang='lat' dir='ltr'><strong>sumus,</strong></span> <span class='ocrx_word' id='word_1_262' title='bbox 444 3859 516 3940; x_wconf 91' lang='lat' dir='ltr'><strong>quin</strong></span> <span class='ocrx_word' id='word_1_263' title='bbox 530 3860 585 3922; x_wconf 89' lang='lat' dir='ltr'><strong>etsi</strong></span> <span class='ocrx_word' id='word_1_264' title='bbox 601 3878 666 3922; x_wconf 88' lang='lat' dir='ltr'><strong>rem</strong></span> <span class='ocrx_word' id='word_1_265' title='bbox 680 3861 777 3941; x_wconf 88' lang='lat' dir='ltr'><strong>ipsam</strong></span> <span class='ocrx_word' id='word_1_266' title='bbox 789 3864 929 3941; x_wconf 78' lang='lat' dir='ltr'><strong>prestare</strong></span> <span class='ocrx_word' id='word_1_267' title='bbox 939 3878 1001 3921; x_wconf 91' lang='lat' dir='ltr'><strong>non</strong></span> <span class='ocrx_word' id='word_1_268' title='bbox 1011 3859 1175 3941; x_wconf 89' lang='lat' dir='ltr'><strong>possimus,</strong></span> <span class='ocrx_word' id='word_1_269' title='bbox 1189 3859 1314 3924; x_wconf 89' lang='lat' dir='ltr'><strong>animus</strong></span> <span class='ocrx_word' id='word_1_270' title='bbox 1329 3869 1374 3924; x_wconf 88' lang='lat' dir='ltr'><strong>ta·</strong></span> 
     </span>
     <span class='ocr_line' id='line_1_35' title="bbox 217 3953 1376 4036; baseline 0.004 -21"><span class='ocrx_word' id='word_1_271' title='bbox 217 3972 287 4016; x_wconf 90' lang='lat' dir='ltr'><strong>men</strong></span> <span class='ocrx_word' id='word_1_272' title='bbox 300 3954 351 4016; x_wconf 93' lang='lat' dir='ltr'><strong>hic</strong></span> <span class='ocrx_word' id='word_1_273' title='bbox 363 3955 470 4017; x_wconf 88' lang='lat' dir='ltr'><strong>Noster</strong></span> <span class='ocrx_word' id='word_1_274' title='bbox 491 3956 545 4017; x_wconf 90' lang='lat' dir='ltr'><strong>tibi</strong></span> <span class='ocrx_word' id='word_1_275' title='bbox 563 3955 750 4036; x_wconf 89' lang='lat' dir='ltr'><strong>gratissimus</strong></span> <span class='ocrx_word' id='word_1_276' title='bbox 766 3955 884 4017; x_wconf 87' lang='lat' dir='ltr'><strong>futurus</strong></span> <span class='ocrx_word' id='word_1_277' title='bbox 903 3953 956 4031; x_wconf 90' lang='lat' dir='ltr'><strong>sit,</strong></span> <span class='ocrx_word' id='word_1_278' title='bbox 976 3955 1063 4033; x_wconf 84' lang='lat' dir='ltr'><strong>ouJ&#39;us</strong></span> <span class='ocrx_word' id='word_1_279' title='bbox 1084 3973 1155 4034; x_wconf 89' lang='lat' dir='ltr'><strong>erga</strong></span> <span class='ocrx_word' id='word_1_280' title='bbox 1176 3961 1207 4016; x_wconf 87' lang='lat' dir='ltr'><strong>te</strong></span> <span class='ocrx_word' id='word_1_281' title='bbox 1221 3972 1333 4020; x_wconf 89' lang='lat' dir='ltr'><strong>sensus</strong></span> <span class='ocrx_word' id='word_1_282' title='bbox 1344 3965 1376 4019; x_wconf 89' lang='lat' dir='ltr'><strong>et</strong></span> 
     </span>
     <span class='ocr_line' id='line_1_36' title="bbox 218 4050 1374 4133; baseline 0.007 -23"><span class='ocrx_word' id='word_1_283' title='bbox 218 4050 340 4112; x_wconf 89' lang='lat' dir='ltr'><strong>uberius</strong></span> <span class='ocrx_word' id='word_1_284' title='bbox 353 4067 516 4131; x_wconf 85' lang='lat' dir='ltr'><strong>cognosces</strong></span> <span class='ocrx_word' id='word_1_285' title='bbox 529 4069 566 4111; x_wconf 88' lang='lat' dir='ltr'><strong>ox</strong></span> <span class='ocrx_word' id='word_1_286' title='bbox 585 4050 695 4113; x_wconf 88' lang='lat' dir='ltr'><strong>dilecto</strong></span> <span class='ocrx_word' id='word_1_287' title='bbox 715 4051 777 4114; x_wconf 90' lang='lat' dir='ltr'><strong>filio</strong></span> <span class='ocrx_word' id='word_1_288' title='bbox 798 4050 916 4113; x_wconf 84' lang='lat' dir='ltr'><strong>Abbate</strong></span> <span class='ocrx_word' id='word_1_289' title='bbox 932 4050 1073 4113; x_wconf 91' lang='lat' dir='ltr'><strong>Giordani</strong></span> <span class='ocrx_word' id='word_1_290' title='bbox 1095 4052 1213 4130; x_wconf 68' lang='lat' dir='ltr'><strong>algente</strong></span> <span class='ocrx_word' id='word_1_291' title='bbox 1233 4059 1309 4133; x_wconf 90' lang='lat' dir='ltr'><strong>tuo,</strong></span> <span class='ocrx_word' id='word_1_292' title='bbox 1324 4057 1374 4118; x_wconf 91' lang='lat' dir='ltr'><strong>cui</strong></span> 
     </span>
     <span class='ocr_line' id='line_1_37' title="bbox 217 4148 1388 4234; baseline 0.007 -25"><span class='ocrx_word' id='word_1_293' title='bbox 217 4149 340 4211; x_wconf 89' lang='lat' dir='ltr'><strong>eosdem</strong></span> <span class='ocrx_word' id='word_1_294' title='bbox 354 4151 456 4232; x_wconf 88' lang='lat' dir='ltr'><strong>palam</strong></span> <span class='ocrx_word' id='word_1_295' title='bbox 474 4148 616 4229; x_wconf 83' lang='lat' dir='ltr'><strong>fecimus,</strong></span> <span class='ocrx_word' id='word_1_296' title='bbox 629 4157 660 4213; x_wconf 90' lang='lat' dir='ltr'><strong>et</strong></span> <span class='ocrx_word' id='word_1_297' title='bbox 672 4152 734 4214; x_wconf 90' lang='lat' dir='ltr'><strong>Nos</strong></span> <span class='ocrx_word' id='word_1_298' title='bbox 747 4151 803 4234; x_wconf 91' lang='lat' dir='ltr'><strong>ipsi</strong></span> <span class='ocrx_word' id='word_1_299' title='bbox 814 4151 1031 4214; x_wconf 88' lang='lat' dir='ltr'><strong>confirmamus</strong></span> <span class='ocrx_word' id='word_1_300' title='bbox 1046 4151 1211 4231; x_wconf 88' lang='lat' dir='ltr'><strong>apostolica</strong></span> <span class='ocrx_word' id='word_1_301' title='bbox 1221 4151 1388 4231; x_wconf 63' lang='lat' dir='ltr'><strong>benedic,</strong></span> 
     </span>
     <span class='ocr_line' id='line_1_38' title="bbox 218 4245 1376 4334; baseline 0.009 -30"><span class='ocrx_word' id='word_1_302' title='bbox 218 4245 300 4307; x_wconf 92' lang='lat' dir='ltr'><strong>tione</strong></span> <span class='ocrx_word' id='word_1_303' title='bbox 308 4291 317 4325; x_wconf 93' lang='lat'><strong>,</strong></span> <span class='ocrx_word' id='word_1_304' title='bbox 332 4266 424 4330; x_wconf 87' lang='lat' dir='ltr'><strong>quarn</strong></span> <span class='ocrx_word' id='word_1_305' title='bbox 437 4246 590 4310; x_wconf 88' lang='lat' dir='ltr'><strong>Nobilitati</strong></span> <span class='ocrx_word' id='word_1_306' title='bbox 601 4255 659 4310; x_wconf 81' lang='lat' dir='ltr'><strong>tua</strong></span> <span class='ocrx_word' id='word_1_307' title='bbox 673 4268 709 4311; x_wconf 86' lang='lat' dir='ltr'><strong>ex</strong></span> <span class='ocrx_word' id='word_1_308' title='bbox 725 4249 831 4311; x_wconf 92' lang='lat' dir='ltr'><strong>intirno</strong></span> <span class='ocrx_word' id='word_1_309' title='bbox 844 4255 972 4329; x_wconf 87' lang='lat' dir='ltr'><strong>patemo</strong></span> <span class='ocrx_word' id='word_1_310' title='bbox 987 4247 1077 4310; x_wconf 89' lang='lat' dir='ltr'><strong>corde</strong></span> <span class='ocrx_word' id='word_1_311' title='bbox 1091 4246 1286 4328; x_wconf 89' lang='lat' dir='ltr'><strong>depromtam</strong></span> <span class='ocrx_word' id='word_1_312' title='bbox 1300 4270 1376 4334; x_wconf 88' lang='lat' dir='ltr'><strong>per-</strong></span> 
     </span>
     <span class='ocr_line' id='line_1_39' title="bbox 219 4341 1373 4427; baseline 0.01 -28"><span class='ocrx_word' id='word_1_313' title='bbox 219 4347 354 4403; x_wconf 89' lang='lat' dir='ltr'><strong>amanter</strong></span> <span class='ocrx_word' id='word_1_314' title='bbox 369 4341 569 4424; x_wconf 90' lang='lat' dir='ltr'><strong>impertimur.</strong></span> <span class='ocrx_word' id='word_1_315' title='bbox 594 4346 708 4408; x_wconf 79' lang='lat' dir='ltr'><strong>Datum</strong></span> <span class='ocrx_word' id='word_1_316' title='bbox 732 4347 849 4416; x_wconf 80' lang='lat' dir='ltr'><strong>Romu,</strong></span> <span class='ocrx_word' id='word_1_317' title='bbox 868 4352 936 4416; x_wconf 74' lang='lat' dir='ltr'><strong>eta,</strong></span> <span class='ocrx_word' id='word_1_318' title='bbox 956 4347 1004 4408; x_wconf 87' lang='lat' dir='ltr'><strong>die</strong></span> <span class='ocrx_word' id='word_1_319' title='bbox 1028 4357 1064 4407; x_wconf 81' lang='lat'><strong>20</strong></span> <span class='ocrx_word' id='word_1_320' title='bbox 1088 4346 1254 4408; x_wconf 76' lang='lat' dir='ltr'><strong>novembris</strong></span> <span class='ocrx_word' id='word_1_321' title='bbox 1276 4360 1373 4427; x_wconf 87' lang='grc'><strong>1771,</strong></span> 
     </span>
     <span class='ocr_line' id='line_1_40' title="bbox 217 4441 721 4516; baseline 0.01 -18"><span class='ocrx_word' id='word_1_322' title='bbox 217 4441 411 4516; x_wconf 69' lang='lat' dir='ltr'><strong>pontificatus</strong></span> <span class='ocrx_word' id='word_1_323' title='bbox 425 4444 520 4503; x_wconf 78' lang='lat' dir='ltr'><strong>castrt</strong></span> <span class='ocrx_word' id='word_1_324' title='bbox 531 4460 609 4503; x_wconf 83' lang='lat' dir='ltr'><strong>auno</strong></span> <span class='ocrx_word' id='word_1_325' title='bbox 621 4447 721 4503; x_wconf 84' lang='lat' dir='ltr'><strong>tertio.</strong></span> 
     </span>
    </p>
   </div>
   <div class='ocr_carea' id='block_1_9' title="bbox 0 0 1598 5414">
    <p class='ocr_par' dir='ltr' id='par_1_9' title="bbox 0 0 1598 5414">
     <span class='ocr_line' id='line_1_41' title="bbox 0 0 1598 5414; baseline 0 2"><span class='ocrx_word' id='word_1_326' title='bbox 0 0 1598 5414; x_wconf 95' lang='lat' dir='ltr'><strong> </strong></span> 
     </span>
    </p>
   </div>
  </div>
 </body>
</html>
