3188 5414
483 501 666 558 EPlSTOLAE
683 501 728 556 ET
748 501 880 558 ultam
899 507 1133 563 SELECTlonn.
1332 518 1382 568 2²3

230 613 312 674 idam
325 608 413 671 luerit
424 606 580 683 diffusius,
593 613 678 667 tanto
693 624 762 667 eam
775 625 840 668 esse
853 609 1042 688 arnpliorem,
1057 624 1089 671 ot
1100 612 1329 676 cumulatiorem
1339 619 1385 678 tu·
1417 640 1419 644 ·

230 718 343 770 turam.
355 705 422 767 Sad
432 705 496 765 haec
511 703 635 765 uberius
645 703 699 764 tibi
711 711 817 765 nostro
829 706 952 767 nomine
963 707 1012 768 ille
1022 708 1103 768 idem
1115 709 1300 771 Venerabilis
1316 715 1385 774 Fra-

231 815 287 882 ter,
301 800 558 883 quemadmodum
575 799 632 879 ipsi
653 799 876 878 mandavimus,
891 802 1067 880 declarabit,
1083 810 1173 884 atque
1187 804 1299 868 idcirco
1317 826 1336 869 a
1356 815 1384 868 te

228 917 411 980 magnopere
421 898 563 979 petimus,
579 903 612 957 ut
623 895 754 959 eundem
763 898 1131 984 benignebumaniterque
1142 903 1291 985 excipias3
1302 908 1384 986 quad

227 1016 300 1059 oum
312 996 420 1058 feceris
434 993 521 1057 facile
534 1012 714 1073 cognosces,
732 994 785 1074 qui
801 1015 873 1058 suus
890 997 929 1058 sit
946 998 977 1059 in
990 999 1178 1077 Maiestatem
1197 1004 1294 1064 Tuam
1313 1019 1384 1063 om—

185 1104 188 1109 “
226 1113 358 1176 nemque
375 1097 545 1175 Augustam
557 1096 688 1154 Domum
704 1094 803 1154 cultus
821 1100 910 1173 atque
932 1095 1140 1174 observantia,
1150 1117 1303 1179 quamque
1316 1113 1384 1160 mc—

225 1193 285 1253 rito
306 1193 362 1273 ipsi
378 1191 570 1253 clementiam
585 1197 670 1252 tuam
681 1191 862 1272 praestiteris.
878 1194 931 1255 llle
941 1202 1085 1275 praterea
1096 1192 1215 1276 generis
1228 1199 1274 1260 sui
1286 1202 1383 1280 splen-

224 1291 331 1353 dorem
342 1289 509 1370 insignibus
518 1289 676 1369 singularis
686 1290 846 1362 virtutibus
858 1310 893 1353 ao
905 1289 1048 1355 docuina
1060 1296 1245 1357 ornamentis
1253 1296 1382 1358 illustrat

226 1394 319 1467 atque
345 1395 452 1467 auget;
480 1386 564 1467 quod
590 1405 660 1448 curn
683 1388 863 1468 jampridem
891 1394 1128 1472 perspexissent,
1160 1393 1381 1474 perhonorifico

214 1485 327 1566 ipsum
345 1485 498 1567 prosecuti
516 1503 635 1566 semper
650 1486 764 1564 judicio
778 1494 846 1548 sunt
867 1490 1102 1568 praedecessores
1122 1493 1217 1553 nostri
1232 1491 1380 1553 Benedic-

224 1591 275 1646 tus
283 1584 351 1646 XIV
360 1586 534 1647 ettllemens
544 1585 623 1644 Xlll.
634 1583 855 1664 Nosqueporro
864 1587 994 1666 plurima
1003 1588 1378 1670 benevolentiaoomplaxi,
1440 1622 1462 1659 ,-
1513 1632 1523 1660 .

223 1687 352 1766 ejusque
367 1685 483 1767 experti
494 1683 650 1760 vimutem,
666 1683 855 1762 industriam,
870 1704 905 1747 ac
920 1682 1012 1749 fidem
1024 1688 1148 1748 minime
1163 1686 1377 1762 dubitavimus,

222 1783 301 1863 quin
315 1782 604 1845 aidem'difficillimo
618 1782 676 1843 hoo
689 1791 824 1863 tempore
833 1784 1045 1864 gravissimum
1056 1803 1167 1847 munus
1178 1785 1379 1847 committere

215 1898 297 1942 >mes
305 1926 313 1958 ,
322 1896 387 1963 qno
395 1882 492 1962 magis
501 1879 574 1956 tibi,
587 1887 618 1941 et
631 1886 734 1941 nostra
743 1879 866 1958 scilicet,
875 1889 905 1943 et
915 1900 970 1943 sua
979 1899 1071 1944 causa
1081 1889 1185 1963 gratm
1196 1883 1277 1945 idem
1289 1890 1378 1963 atquc

227 1986 373 2062 acceptus
383 1978 607 2057 itaeoeedebet,
619 1984 652 2040 ut
661 1995 784 2040 omnem
794 1979 838 2039 illi
847 1986 879 2040 et
891 1978 1003 2043 babere
1015 1979 1106 2041 fidem
1120 1987 1278 2062 tamquam
1286 1980 1382 2058 Nobis

225 2074 301 2156 ipsis
322 2090 427 2138 coram
439 2074 631 2156 loquentibus
646 2074 720 2135 velis
738 2080 776 2134 et
791 2073 918 2135 tidenter
931 2074 1024 2136 etiam
1040 2075 1170 2157 digneris
1184 2093 1377 2156 expromere,

226 2172 645 2255 qotdqridtaantmohabera
656 2177 746 2252 atque
758 2177 863 2252 optare
871 2173 971 2252 possis
981 2178 1015 2233 ut
1027 2191 1043 2233 a
1055 2172 1149 2234 Nobis
1158 2172 1275 2253 tibiper
1285 2189 1378 2252 apos—

225 2271 364 2348 tolicum,
377 2269 460 2351 quod
473 2268 616 2350 gerimus,
631 2268 831 2330 ministerium
844 2276 1011 2350 prestatur.
1027 2270 1115 2331 Acin
1130 2287 1255 2330 summa
1267 2276 1297 2331 et
1314 2269 1379 2330 sin-

223 2368 338 2448 gularis
349 2384 420 2447 erga
437 2374 467 2429 te
480 2368 614 2430 carltatis
627 2366 736 2447 pignus
754 2366 953 2446 apostolicam
971 2367 1212 2429 benedictionem
1227 2367 1376 2444 Maiestatl

224 2467 296 2526 Tua
315 2463 423 2527 intimo
445 2465 562 2546 paterni
584 2463 682 2526 cordis
704 2480 795 2525 sensu
817 2464 1022 2526 amantissime
1036 2464 1235 2546 impertimur·
1263 2468 1375 2527 Dotem

224 2548 336 2634 nemag
355 2569 425 2633 eta,
448 2562 499 2623 dte
513 2575 547 2624 15
567 2563 680 2641 aprilis·
694 2571 788 2635 1772,
806 2565 1000 2639 pontificatus
1015 2567 1113 2624 nostri
1127 2581 1208 2624 anno
1220 2567 1322 2625 tertio.

701 2682 891 2692 m..—

761 2789 823 2859 CC.

469 2944 644 2987 CARISSIMAE
667 2945 702 2984 ln
726 2941 861 2986 cuulsto
887 2940 979 2980 FILIAE
1002 2938 1128 2980 NOSTRAE

261 3053 401 3113 MARIAE
419 3051 634 3121 tunnam,
655 3046 873 3110 HUNGARIAE
893 3045 1051 3104 REGINAE
1071 3043 1334 3112 APOSTOLICAE‚

487 3173 614 3222 Menon
630 3172 786 3222 ROHEMIAE
801 3171 928 3222 REGINAE
944 3169 1101 3228 ttmsm,
1154 3165 1158 3171 “

254 3290 260 3296 ’
351 3286 355 3295 ’
400 3283 434 3328 lN
451 3280 652 3330 ROMANORUM
668 3279 906 3329 Iurmanmcrnt
923 3277 1053 3326 ELEUIAE
1068 3275 1193 3334 WDUAE,

531 3385 767 3469 CLEMENS
795 3386 923 3463 PAPA
950 3381 1056 3461 XIV.
1089 3424 1091 3427 ·

979 3535 1079 3592 Rome,
1102 3539 1128 3581 ¹5
1145 3531 1226 3592 aprilis
1242 3535 1310 3581 1772.

254 3648 438 3717 :consano
448 3649 505 3704 etc.
519 3641 633 3704 Reddet
641 3642 697 3703 bas
703 3645 824 3703 nostras
833 3637 1013 3718 apostolica
1022 3636 1170 3714 Maiestati
1180 3637 1251 3698 Tuae
1260 3634 1372 3705 literas,

220 3741 411 3806 Venerabilis
429 3743 544 3818 Frater,
558 3736 708 3821 Josepbus
721 3735 965 3817 archiepiscopus
977 3732 1096 3812 Beryti,
1109 3749 1202 3812 quem
1225 3728 1372 3792 ordinarii

224 3837 323 3900 nostri
335 3843 367 3899 et
384 3839 500 3899 Sancta
522 3836 606 3898 Sedis
626 3834 728 3898 nuncii
750 3851 866 3896 munus
886 3830 1040 3892 obiturum
1061 3829 1092 3889 in
1106 3827 1373 3893 Poloniammitti-

221 3955 303 3998 mus.
321 3935 521 3998 Vehementer
535 3953 552 3996 a
567 3942 596 3995 te
610 3934 741 4014 petimus
754 3977 762 4010 ,
775 3929 933 3992 carissima
947 3927 978 3988 in
998 3925 1115 3988 Christo
1130 3926 1197 3989 »lilia
1207 3933 1324 4002 matra,
1340 3933 1373 3986 ut

219 4034 351 4108 eundern
364 4041 394 4095 tc
408 4034 570 4096 adeuntem
583 4031 739 4112 regiaque
754 4030 842 4104 soles,
857 4025 1046 4088 humanitate
1059 4024 1208 4107 excipias,
1220 4022 1373 4103 nostrique

219 4148 315 4193 causa
322 4131 655 4196 commendatissimum
678 4128 789 4206 babere
807 4145 879 4189 eum
896 4124 984 4200 velis,
999 4123 1030 4184 in
1042 4141 1132 4204 quem
1146 4140 1217 4185 cum
1230 4120 1373 4202 preclara

217 4225 385 4290 extitissent
397 4229 651 4309 predecessorum
662 4232 836 4288 nonrorum
850 4221 1001 4312 Benedicti
1015 4224 1082 4283 XIV
1094 4228 1124 4282 et
1135 4218 1295 4282 Clementis
1305 4221 1372 4281 xfll

219 4331 351 4406 paternae
364 4327 585 4405 benevolentia,
598 4325 698 4388 studia
706 4331 810 4388 nostra
821 4323 915 4385 etiam
928 4320 1163 4382 luculentissima
1177 4333 1243 4379 csse
1262 4317 1373 4380 debent

220 4423 260 4482 ob
271 4423 408 4502 ejusdem
422 4425 602 4505 singulares,
615 4444 691 4505 quas
702 4443 772 4487 cum
783 4423 900 4503 generis
909 4421 1064 4483 nobilitate
1078 4418 1372 4498 conjunxit,'omni-

219 4539 302 4598 gena
315 4521 467 4601 doctrina,
481 4523 608 4601 virtutis,
624 4522 785 4604 sapientia,
800 4539 834 4582 ac
845 4520 875 4582 in
889 4519 1092 4601 Apostolioam
1103 4519 1181 4580 banc
1194 4517 1299 4579 Sedcm
1310 4536 1371 4579 me-
