3188 5414
224 501 277 550 aas
650 490 853 550 CLEMENTlS
873 491 940 543 xlv

220 620 278 681 quc
297 601 388 661 chose
402 601 419 659 a
433 600 573 678 changer,
589 599 606 658 a
625 596 797 659 retrancher
816 613 857 655 ou
873 585 892 654 a
905 594 1032 671 ajouter,
1048 591 1079 669 je
1095 591 1156 652 suis
1168 591 1377 654 enti'erement

219 697 349 774 soumis,
363 714 418 776 par
433 714 559 772 avanae,
579 714 618 755 au
633 695 787 773 jugement
807 691 898 772 qu'en
920 695 1043 769 partera
1056 690 1146 750 Votre
1165 686 1328 765 Saintcte3
1348 696 1378 749 et

215 792 349 872 j'adopte
363 810 434 853 avec
444 798 579 873 respect,
592 790 765 853 obc'issance
775 794 806 850 et
820 806 926 849 amour
938 792 1036 848 tontes
1046 787 1089 847 les
1100 784 1250 847 ralonnas
1261 785 1376 866 qu'elle

218 887 488 969 daignerayfaire.
1360 891 1365 902 ”

256 986 369 1048 Baecio
385 986 445 1047 alla
458 983 572 1046 Santitb
584 984 694 1044 Vostra
707 979 983 1043 mdbsimamente
996 978 1006 1039 i
1020 977 1180 1040 santissimi
1189 977 1275 1058 piedi

454 1101 489 1161 ni
502 1101 612 1160 Vestra
625 1095 741 1158 Santitd

562 1211 744 1275 Umilissimo
751 1256 760 1289 ,
773 1208 972 1286 divotissimo,
985 1206 1204 1287 obligatissirno
1218 1206 1374 1268 servidore

615 1326 632 1369 e
649 1312 787 1369 creatura

821 1385 824 1390 ’
904 1383 1132 1442 llcardiualebr
1148 1386 1279 1443 Bunrs.
1386 1388 1390 1397 '

214 1522 219 1530 .
340 1480 488 1538 Vicsuraine,
503 1481 527 1528 1⁰
540 1479 699 1527 marmilon.

253 1601 285 1653 le
302 1593 434 1652 demanda
449 1592 523 1647 mille
543 1591 661 1663 perdens
679 1591 694 1647 a
714 1593 798 1646 Votre
819 1589 936 1645 Saintetd
949 1588 983 1644 de
1004 1589 1108 1645 n’avoir
1123 1589 1206 1661 point
1220 1587 1371 1644 &alente

217 1688 293 1742 lettre
304 1686 338 1741 dc
351 1700 394 1740 rna
406 1697 503 1756 propre
514 1682 585 1735 main
595 1699 603 1748 3
614 1681 681 1737 mais
693 1694 759 1735 mou
770 1677 887 1734 scritura
898 1685 940 1734 cst
950 1685 1012 1749 trop
1024 1677 1181 1743 mauvaim
1194 1678 1284 1735 Volat
1293 1676 1368 1735 snb-

217 1773 271 1829 teta
285 1771 386 1829 voudra
398 1771 461 1826 bien
473 1768 631 1825 m'srcussr.

705 1881 861 1895 ψ

672 1997 897 2072 CCLXXXVI.

599 2159 729 2201 urracro
752 2155 837 2199 rimo
860 2153 980 2198 nesrac

182 2251 188 2265 ’
258 2230 472 2341 nnnnclsco
494 2276 689 2336 Joncfflno
711 2274 742 2333 S.
764 2275 800 2334 R.
824 2274 860 2332 Ε.
883 2272 1095 2332 CARDINALI
1114 2269 1166 2329 DE
1187 2267 1332 2328 BERNlS
1393 2315 1397 2324 .

524 2397 758 2475 CLEMENS
779 2398 914 2486 ‚PAPA
942 2393 1049 2474 XIV.

977 2552 1075 2610 Romae,
1088 2556 1115 2598 st
1131 2552 1213 2614 martij
1230 2557 1301 2602 1760.

265 2655 398 2728 Dtlecte,
414 2659 468 2716 etc.
485 2656 625 2736 Magnam
641 2662 672 2717 te
684 2655 797 2736 cepisse
815 2655 984 2717 molestiam
996 2657 1142 2736 oportuit,
1157 2675 1232 2719 cum
1245 2660 1375 2740 primum

225 2751 380 2835 accepisti,
393 2752 513 2834 iniquos
526 2753 563 2816 de
574 2761 605 2816 te
614 2753 762 2835 quosdam
771 2752 870 2834 spargi
880 2768 1034 2830 rumores,
1050 2753 1158 2833 quibus
1169 2761 1226 2816 tua
1236 2755 1270 2817 in
1278 2757 1376 2818 Eccle

223 2848 297 2910 siam
307 2852 446 2912 voluntas
458 2851 607 2931 animique
622 2851 666 2912 tui
680 2868 784 2912 sensus
803 2849 841 2910 de
855 2849 960 2926 rebuS,
973 2867 1039 2929 que
1054 2849 1092 2912 ad
1100 2849 1292 2914 catholicam
1306 2853 1375 2914 reb-

222 2946 341 3025 gionem
353 2947 539 3028 pertinentin
548 2947 749 3028 suspicionem
758 2946 903 3007 venirent.
915 2945 979 3006 Etsi
995 2946 1076 3007 enim
1088 2965 1159 3007 cum
1168 2947 1209 3009 de
1218 2967 1258 3010 eo
1267 2949 1374 3030 agitur,

223 3044 346 3124 quidde
362 3044 449 3106 nobis
469 3045 606 3106 homines
628 3044 772 3121 sentiant,
787 3042 829 3104 ita
842 3042 958 3104 medios
971 3043 1031 3104 Nos
1044 3062 1147 3123 gerere
1162 3044 1327 3124 debemus,
1343 3052 1376 3108 ut

222 3142 314 3203 Nobis
328 3140 443 3203 bonum
454 3158 566 3203 nomen
579 3160 657 3202 cure
668 3157 733 3202 esse
744 3139 890 3200 videatur.
906 3138 1058 3220 Scriptum
1069 3146 1115 3202 est
1126 3141 1225 3220 enirn,
1243 3162 1374 3211 scuram

222 3238 301 3299 habe
327 3239 365 3299 de
389 3240 470 3300 bono
493 3239 614 3299 nomine
629 3261 659 3316 a,
679 3255 776 3318 neque
797 3243 898 3299 tamen
924 3237 1039 3316 abjecte
1059 3239 1248 3303 sermonibus
1271 3241 1374 3303 bomi-

221 3352 296 3396 num
312 3340 343 3396 et
359 3334 629 3396 existimationibus
643 3334 823 3412 serviamus,
845 3353 915 3396 cum
935 3334 1125 3398 beatissimus
1144 3338 1257 3400 Paulus
1268 3339 1370 3401 dicat:

210 3422 240 3490 ³«
254 3431 284 3493 Si
297 3430 397 3493 adhuc
418 3431 591 3492 bominibus
613 3432 763 3512 placerem
776 3432 884 3494 Christi
906 3451 1009 3496 servus
1021 3451 1082 3495 non
1104 3453 1202 3498 essem
1222 3459 1253 3516 a,
1269 3444 1374 3500 tamen

115 3562 118 3569 ·
217 3529 300 3608 justo
313 3526 495 3589 arbitramur
505 3531 535 3588 te
550 3526 653 3589 dolore
667 3535 869 3607 commotum,
881 3529 964 3610 quod
975 3537 1039 3591 tarn
1053 3532 1207 3594 atrocibus
1220 3533 1305 3596 lama
1319 3541 1374 3596 tua

222 3617 440 3706 suspicionibus
453 3623 620 3702 lederetur,
634 3643 671 3686 ex
684 3625 793 3706 quibus
805 3627 947 3688 universe
958 3629 1097 3691 Ecclesia
1111 3648 1222 3712 magna
1234 3632 1373 3696 accidere

220 3721 314 3803 possit
326 3719 464 3783 offensio.
480 3723 541 3782 Nos
553 3721 675 3782 vero'de
689 3722 746 3782 ista
756 3723 846 3783 animi
857 3723 900 3784 tui
911 3724 1084 3804 egritudine
1095 3727 1373 3792 vehementersane

221 3815 388 3894 doluimus3
400 3816 453 3877 sed
463 3822 566 3880 tamen
575 3816 846 3879 mirabiliterletati
856 3837 976 3899 sumus,
987 3820 1069 3902 quod
1078 3824 1264 3902 gravissimis
1273 3826 1372 3887 verbis

221 3914 312 3976 Nobis
324 3914 537 3993 declaraveris,
548 3913 681 3994 religioni
697 3921 727 3976 te
741 3915 779 3975 ab
794 3914 915 3978 incunte
927 3924 1014 3979 etate
1024 3919 1159 3982 animum
1170 3926 1261 3983 tuum
1274 3921 1373 3983 devo-

219 4011 308 4086 visse,
319 4009 477 4073 Catlrolice
489 4011 559 4072 fidei
570 4031 634 4074 esse
646 4011 905 4091 studiosissimum,
920 4019 950 4074 ct
968 4013 999 4074 in
1018 4015 1097 4077 banc
1106 4017 1248 4078 Sanctam
1260 4017 1372 4080 Sedem

219 4108 359 4190 preclare
374 4107 554 4180 animatum;
568 4108 619 4188 qui
633 4109 732 4187 omni,
744 4125 805 4189 quo
821 4129 939 4191 epuurn
956 4120 1017 4190 est,
1033 4113 1177 4195 obsequio
1196 4115 1372 4196 apostolicis

144 4242 148 4249 ·
218 4205 345 4267 decretis
365 4205 506 4268 adversus
519 4204 595 4283 Baii,
614 4206 747 4267 lansenii
770 4212 801 4267 et
818 4208 965 4280 Quesnelli
977 4227 1093 4272 errores
1112 4211 1195 4272 nullo
1208 4229 1272 4274 non
1292 4219 1372 4275 tern-

219 4321 292 4382 pore
306 4302 573 4384 obtemperaveris,
588 4303 775 4365 Formulario
794 4303 871 4365 felic·
888 4306 1005 4368 record.
1027 4307 1253 4388 predecessoris
1271 4310 1370 4373 nostri

222 4399 379 4460 Alexandri
393 4402 447 4460 Vll
466 4402 557 4460 semel
579 4400 688 4462 iterum
707 4419 743 4462 ac
755 4401 860 4484 sepius
873 4402 987 4466 siccem
1008 4405 1229 4487 subscripseris,
1248 4408 1370 4470 consti-

220 4495 325 4558 tutioni
340 4497 512 4578 Unigenitus
523 4516 583 4560 non
598 4506 660 4562 tam
673 4517 761 4577 voce,
772 4519 864 4580 quam
872 4499 978 4563 intimo
989 4501 1080 4563 animi
1091 4503 1135 4565 tni
1145 4521 1236 4566 sensu
1243 4521 1366 4585 parcas,
