3188 5414
476 475 660 530 EPIS‘I’OLAE
677 476 723 531 ΕΤ
741 477 873 532 unnvta
891 479 1124 536 subtectione.
1325 488 1380 547 ibt}⁴

225 578 410 641 auferantur.
431 577 478 640 Ad
498 579 577 641 banc
590 579 680 659 igitur
697 580 777 644 viam
794 581 994 644 finiendarum
1017 583 1115 646 titium
1135 585 1261 647 libenter
1275 588 1375 648 susci-

223 676 366 761 piendam
379 693 450 742 carm
466 681 570 753 nostra
582 676 762 748 hortatione,
773 695 834 751 uon
855 677 1001 758 iudigeas,
1019 680 1091 764 illuc
1113 682 1327 760 convertimur,
1343 693 1376 745 ut

214 767 262 834 'ea
272 780 302 834 te
314 773 479 854 plurImum
493 773 655 854 profecisse
672 775 897 856 quamprimum
910 796 929 838 a
942 777 1048 859 teipso
1060 779 1204 860 certiores
1218 779 1281 841 fieri
1293 782 1377 862 cupi·

222 872 361 942 dissimos
377 874 439 936 Nos
455 892 522 936 esse
538 873 750 953 significemus.
767 875 890 938 Interim
906 876 936 937 in
952 877 1116 950 Pontificiae
1134 863 1292 959 singularis
1305 898 1376 958 erga

191 1052 198 1057 ·
223 978 253 1031 te
274 970 487 1039 benevolentis
505 969 614 1056 pignus
637 970 1096 1051 apostolicumbeuediotiouem
1116 974 1187 1054 libi,
1208 975 1315 1039 dilecte
1333 977 1375 1039 titi

221 1076 335 1147 noster,
346 1075 465 1150 tuaeque
476 1068 546 1131 fidei
559 1067 847 1150 commissoPopulo
853 1078 1044 1159 peramanter
1051 1071 1251 1153 impertimur.
1263 1076 1376 1136 Datum

221 1169 340 1240 flomoe,
355 1177 427 1247 etc,
441 1170 492 1231 die
506 1174 611 1249 prima
627 1168 793 1230 decembris
808 1177 896 1253 1710,
909 1172 1104 1255 ponteficatns
1123 1175 1221 1232 nostri
1234 1190 1315 1238 anuo
1332 1192 1375 1232 se-

703 1369 888 1393 ὝΞ-Τ-Ρ

747 1513 847 1625 CXX.

667 1677 813 1721 nicecius
834 1677 930 1719 rrius
984 1729 985 1732 Ἴ

226 1792 229 1796 ⁴
304 1786 307 1793 ’
353 1792 559 1859 NORILIBUS
579 1793 687 1854 VIRIS
707 1791 892 1852 ANTIANIS
913 1791 962 1849 ΕΤ
983 1791 1261 1853 vuxttmuuue-

614 1904 811 1974 nureuauic'u
826 1920 996 2000 nuounsrs
1111 1924 1114 1931 ·

465 2094 468 2099 a
531 2035 777 2121 CLEMENS„
792 2038 921 2115 ΡΛΡΑ
951 2036 1058 2115 XIV.
1132 2022 1134 2027 ’

922 2207 924 2211 ’
948 2214 1048 2271 Rome,
1068 2219 1077 2261 t
1094 2210 1227 2261 decembris
1242 2215 1308 2262 1770.

261 2331 393 2400 Dileete',
414 2335 470 2389 etc.
501 2326 739 2399 postulationum
755 2334 939 2405 vestrarum,
959 2345 1036 2411 quas
1049 2332 1079 2387 et
1094 2325 1221 2409 epistola
1237 2327 1372 2407 proxime

218 2425 368 2507 preterito
384 2423 476 2488 Iunio
504 2423 591 2502 data,
623 2431 654 2486 et
676 2422 777 2488 dilecti
799 2424 851 2501 filii
874 2424 1003 2507 Philippi
1028 2423 1194 2487 Bonamicii
1213 2413 1373 2488 ‘familiaris

219 2520 330 2599 nostri,
344 2520 497 2602 vestrique
519 2520 639 2588 Patrioii
651 2567 661 2598 ,
689 2521 796 2584 Patria
821 2540 983 2604 rerumque
1006 2519 1045 2583 ad
1065 2540 1133 2585 earn
1157 2521 1372 2604 pertinentium

218 2619 429 2683 studiosissimi
446 2638 539 2701 opera
551 2620 589 2682 ad
609 2621 670 2682 Nos
681 2619 831 2699 detulisti,
846 2627 993 2702 quantam
1007 2619 1160 2681 rationem
1177 2618 1372 2687 habuerimus

217 2737 253 2780 er
273 2717 337 2779 aliis
354 2717 461 2779 litteris
479 2716 590 2779 nostris
601 2717 632 2778 in
643 2717 742 2780 forma
751 2718 853 2780 Brevis
865 2737 963 2798 ,quas
978 2715 1016 2778 ad
1030 2735 1083 2777 vos
1104 2715 1266 2777 transmitti
1282 2732 1372 2779 man-

218 2815 356 2877 davimus
369 2859 378 2892 ,
393 2813 481 2875 facile
504 2813 683 2893 intelligetis.
706 2816 740 2876 In
756 2814 865 2876 iisdem
884 2833 921 2876 ea
940 2817 1067 2875 Decreta
1082 2812 1224 2890 fecimus,
1246 2831 1312 2892 quae
1333 2813 1371 2873 ad

218 2911 365 2973 tuendum
388 2928 424 2972 ac
452 2910 624 2989 augendum
652 2909 733 2971 istud
748 2911 909 2992 pubIIcum
929 2911 1136 2974 Misericordia
1156 2912 1371 2977 Nosocomium

217 3007 349 3070 maxime
356 3006 585 3070 accommodata
593 3004 727 3076 arbitrati
734 3024 850 3070 sumus.
861 3008 1080 3088 Comageretur
1088 3006 1126 3069 de
1136 3005 1223 3086 bouis
1233 3006 1372 3070 omnibus

216 3105 622 3182 Monosterii.Canonicorum
635 3105 828 3185 Regularimn
841 3106 880 3168 de
892 3104 1076 3188 Frigionaria
1090 3105 1289 3170 concedendis
1301 3107 1372 3170 diu-

216 3208 277 3269 tius
288 3225 360 3269 sane
374 3205 406 3267 in
417 3224 450 3267 re
461 3203 617 3284 diligenter
628 3203 816 3292 inquirenda,
827 3209 859 3265 et
876 3205 915 3266 ad
928 3203 1076 3285 equitatis
1086 3195 1216 3267 rationes
1227 3204 1371 3286 exigenda

216 3302 342 3366 detineri
362 3303 425 3365 Nos
447 3300 593 3383 oportuit.
612 3301 726 3362 Verum
743 3318 842 3380 neque
859 3300 1009 3380 iudicium
1028 3301 1087 3365 hoc
1102 3309 1257 3383 nostrum,
1273 3322 1371 3385 neque

216 3419 411 3482 responsum,
429 3397 630 3480 quodlitteris
649 3397 760 3462 nostris
774 3397 940 3476 reddimus,
955 3398 1008 3461 diu
1021 3408 1217 3482 prorogatum
1227 3401 1324 3464 visum
1335 3403 1369 3465 iri

216 3507 376 3582 putemus,
397 3517 470 3561 cum
489 3496 596 3560 eodem
609 3495 743 3578 perfecta
760 3500 853 3576 atqua
867 3496 1007 3565 absoluta
1027 3497 1077 3560 illa
1094 3497 1179 3584 vobis
1193 3498 1369 3577 afferantur,

216 3615 283 3676 que
291 3595 418 3676 publice
434 3593 572 3672 utilitati,
588 3612 623 3655 ac
635 3590 831 3672 indigentium
843 3592 951 3673 inopie
965 3593 1155 3657 sublevandae
1168 3605 1370 3660 consentanea

216 3699 374 3774 tantopere
391 3691 567 3773 exoptastis.
591 3692 656 3765 Qua
672 3688 713 3759 in*
724 3707 757 3751 re
776 3688 853 3750 illud
863 3689 947 3752 v'obis
963 3690 1093 3753 maxime
1106 3711 1284 3773 persuasum
1304 3713 1369 3756 esse

216 3791 324 3869 debet,
344 3791 498 3858 rationum
517 3789 578 3856 vim
596 3795 627 3850 et
645 3786 825 3868 gravitatem
845 3785 877 3848 In
896 3786 1043 3869 capiendo
1064 3790 1189 3853 oonsilio
1213 3792 1244 3852 in
1263 3791 1369 3872 prImis

216 3889 307 3953 fuisse
320 3895 401 3951 certe
414 3907 432 3949 a
451 3886 544 3949 Nobis
556 3891 722 3968 spectatam
731 3908 741 3963 3
756 3891 860 3947 tamen
879 3885 962 3968 apud
977 3886 1038 3948 Nos
1055 3888 1219 3969 plurimum
1240 3890 1369 3952 valuisse

217 3985 349 4054 studium
359 3993 508 4067 vestrum,
523 3991 612 4068 etque
622 3983 812 4075 huncipsum
821 3983 989 4069 christiane
1001 3985 1136 4059 caritatis
1146 3987 1295 4062 ardorem,
1307 4006 1368 4068 quo

217 4107 237 4147 a
256 4086 344 4149 vobis
372 4087 498 4166 inopum
521 4083 691 4167 presertim.
713 4082 879 4147 calamitati
899 4083 1016 4146 consuli
1039 4082 1228 4147 videbamus.
1253 4085 1368 4148 Habete

217 4182 318 4263 igitur,
332 4182 433 4246 dilecti
445 4183 496 4245 tilii
507 4181 631 4247 Nobiles
646 4180 702 4256 viri
710 4227 719 4260 ‚
730 4201 800 4245 cum
811 4201 847 4244 eo
858 4181 1028 4268 apostolice
1042 4182 1228 4244 auctoritatis
1241 4184 1366 4245 Decreta

216 4283 414 4362 ‹mnjunctum
439 4283 531 4344 etiam
553 4281 613 4344 hoc
639 4287 777 4344 nostrum
799 4281 839 4343 de
856 4288 956 4343 vestra
982 4280 1094 4364 pietate
1118 4281 1282 4361 iudicium3
1304 4304 1365 4365 quo

216 4380 379 4462 plurimam
397 4399 518 4462 quoque
528 4379 566 4443 ad
578 4386 736 4461 paternam
746 4387 882 4459 nostram
893 4379 1132 4443 benevolentiam
1144 4380 1208 4443 fieri
1223 4383 1366 4444 accessio-

215 4498 286 4550 nem
305 4477 486 4548 existimate,
509 4479 553 4540 Ac
565 4478 600 4540 in
617 4478 753 4558 ejusdem
776 4478 903 4544 tiberius
921 4485 1132 4559 argumentum
1164 4480 1361 4561 apostolicam
