3188 5414
222 518 275 581 ait
650 526 852 582 cabuanus
869 527 936 582 XlV

221 631 373 695 ducimus.
395 631 425 693 Si
439 630 541 694 minus
557 633 588 693 in
604 631 682 713 regis
696 631 884 712 impetranda
899 631 1068 694 valetudine
1081 624 1266 713 proiecimus
1278 675 1287 710 ,
1301 623 1372 713 plu-

222 731 335 791 rimum
349 747 454 810 preces
466 735 585 792 nostras
601 728 733 790 valuisse
746 728 784 791 ad
802 728 881 790 illius
895 728 1004 791 animae
1016 730 1164 808 salutem,
1178 747 1215 790 ac
1225 735 1371 790 uternam

220 828 396 890 felicitatem
413 827 649 909 comparandam
662 826 852 902 confidimus.
875 827 909 888 ln
920 826 1000 887 banc
1017 825 1159 888 fiduciam
1170 826 1233 887 Nos
1248 824 1371 888 inducet

180 939 187 953 ¹
221 931 396 1006 perspectus
419 923 499 986 illius
523 923 681 986 Catholicae
704 923 854 1003 religionis
873 911 991 986 tuchdae
1013 922 1117 1000 ardor,
1150 924 1180 984 in
1202 924 1369 986 Ecclesiam

222 1041 258 1084 ac
271 1023 413 1083 Sanctam
433 1021 513 1083 banc
530 1021 637 1082 Sedent
653 1019 801 1092 studium,
824 1021 855 1083 in
866 1023 928 1083 Nos
947 1020 1077 1102 denique
1094 1019 1231 1100 egregius
1252 1038 1370 1102 semper

222 1120 360 1199 animus,
376 1119 547 1182 recentibus
563 1119 612 1181 his
627 1119 806 1201 prasertim,
825 1138 860 1182 ao
881 1118 1118 1202 praeclarissimis
1140 1118 1259 1180 indiciis
1279 1119 1371 1181 Nobis

221 1215 353 1280 maxima
365 1219 570 1280 confirmatus.
579 1216 717 1297 idipsum
725 1234 786 1278 nou
801 1215 928 1279 obscure
946 1215 1100 1278 declarant
1108 1234 1145 1277 ea
1153 1235 1220 1296 qua
1228 1235 1371 1296 supremo

220 1314 290 1376 vitae
306 1321 442 1396 tempora
464 1312 503 1375 ab
524 1312 575 1375 illo
589 1317 746 1392 gesta,·ao
767 1312 848 1375 dicta
872 1313 965 1376 fuisse
985 1313 1112 1390 scimus,
1136 1330 1208 1374 oum
1229 1313 1371 1376 Ecclesiae

221 1412 372 1492 mysteriis
386 1410 424 1472 ad
441 1408 615 1472 artemitatis
635 1408 692 1470 iter
711 1407 876 1471 ineundum
889 1408 1024 1471 munitus
1035 1426 1143 1490 pacem
1157 1427 1194 1470 ac
1211 1409 1332 1471 veniam
1352 1430 1371 1472 a

220 1506 283 1568 Deo
297 1511 449 1586 expeteret
455 1530 464 1582 ;
485 1521 541 1565 nec
561 1503 655 1565 vitam
671 1503 727 1565 sibi
741 1505 895 1584 prorogari
916 1505 972 1567 nisi
993 1503 1031 1565 ad
1050 1504 1220 1566 navandam
1235 1505 1370 1586 religioni

221 1619 358 1681 operam,
380 1607 470 1680 atque
480 1596 519 1659 ad
532 1598 660 1679 populos
673 1616 728 1659 suo
738 1597 830 1659 etiam
843 1599 981 1681 exemplo
995 1599 1033 1660 ad
1044 1599 1188 1680 pietatem
1202 1600 1370 1666 incitandos

131 1764 135 1772 ¹
221 1702 406 1779 exposceret.
418 1693 719 1772 Quare,llenerabiles
727 1695 856 1772 Fratres,
864 1713 925 1775 quo
937 1695 1068 1773 majores
1079 1693 1186 1756 divinae
1200 1715 1274 1777 erga
1288 1697 1369 1761 illum

220 1792 433 1858 misericordiae
452 1790 681 1871 significationes
695 1789 859 1870 iutuemur,
878 1810 915 1855 eo
938 1791 1084 1855 alacriore
1104 1792 1205 1856 studio
1219 1795 1261 1858 ad
1280 1796 1370 1878 ipsius

222 1892 329 1954 anima
351 1888 589 1953 incolumitatem
611 1890 708 1950 alteo
728 1888 951 1968 impetrandam
974 1888 1205 1952 contendamus.
1224 1892 1298 1954 Haec
1313 1912 1372 1955 una

220 1988 336 2069 reliqua
353 1992 415 2064 est,
434 2003 526 2066 quarn
545 2002 601 2066 pro
622 2002 677 2045 sua
699 1983 730 2044 in
740 1984 802 2045 Nos
819 1983 933 2065 pietate
948 1984 1058 2046 referre
1079 1985 1136 2066 ipsi
1157 2005 1323 2067 possumus
1337 2009 1371 2052 ac

220 2085 385 2162 debemus,
399 2072 506 2164 gratia.
527 2083 592 2144 Hoc
603 2081 645 2143 illi
656 2087 686 2143 et
696 2081 837 2163 privatim
847 2081 995 2144 hactenus
1013 2089 1155 2162 praestare
1175 2102 1238 2146 non
1253 2093 1371 2167 prater·

220 2182 377 2259 misimus,
398 2187 429 2243 et
441 2179 561 2262 publice
576 2179 776 2261 inpontificio
793 2179 902 2240 sacello
918 2179 1007 2258 justis
1031 2179 1156 2241 solemni
1178 2181 1239 2243 ritu
1254 2186 1372 2264 persol-

182 2299 184 2304 ·
220 2280 325 2342 vendis
336 2297 397 2342 uua
416 2277 573 2340 vobiscum
590 2277 751 2358 praestituri
774 2295 896 2355 sumus,
919 2293 977 2340 nec
993 2279 1088 2340 ullum
1105 2277 1162 2339 erit
1180 2280 1250 2342 vita
1262 2290 1371 2346 nostrae
1438 2335 1442 2347 .

221 2383 360 2458 tempus,
384 2393 445 2456 quo
468 2374 547 2435 illius
568 2391 720 2435 memores
749 2391 811 2436 non
830 2373 965 2454 quotidie
987 2377 1051 2438 haec
1081 2374 1215 2440 caritatis
1240 2381 1370 2444 subsidia

220 2472 404 2549 referamus,
426 2489 462 2532 ao
475 2470 602 2532 assiduis
622 2470 664 2531 illi
674 2470 814 2551 precibus
826 2471 908 2550 apud
920 2472 1055 2535 divinum
1068 2474 1207 2537 iudicem
1222 2477 1371 2560 sullrage-

220 2586 299 2631 mur.
323 2571 439 2630 Interea
458 2566 640 2630 desiderium
653 2573 790 2629 nostrum
811 2567 955 2646 solemur,
969 2571 1164 2657 Venerabiles
1176 2575 1318 2654 Fratres,
1337 2596 1371 2639 ac

220 2668 272 2730 illa
285 2669 377 2731 etiarn
390 2667 570 2748 cogitatione
580 2667 740 2745 leniamus,
751 2667 959 2730 transmissam
967 2687 1032 2731 esse
1044 2671 1200 2734 carissimo
1213 2673 1246 2734 in
1255 2675 1370 2739 Christo

220 2764 284 2827 filio
295 2773 399 2829 nostro
416 2763 569 2828 Ludovico
581 2765 719 2845 Augusto
729 2769 786 2841 ,ut
797 2763 869 2825 aviti
882 2765 966 2843 regni
985 2785 1020 2828 ac
1034 2770 1205 2849 potestatis,
1216 2770 1261 2833 ita
1271 2773 1373 2851 gloria

219 2867 447 2942 ceterarumque
457 2860 594 2923 omnium
605 2859 862 2923 Christianissimae
870 2863 985 2925 Domus
993 2863 1139 2927 virtutum
1150 2868 1372 2948 amplissimam

219 2957 435 3022 hereditatem.
470 2957 597 3019 Eluoere
616 2957 682 3035 jarn
703 2956 734 3019 in
757 2956 808 3018 illo
838 2956 950 3018 scimus
975 2977 1129 3022 summum
1155 2961 1248 3042 divini
1270 2967 1371 3029 cultus

219 3055 370 3132 studium,
395 3054 577 3133 singularem
590 3052 747 3134 pietatem,
763 3050 983 3132 iutegritatem,
1002 3053 1032 3115 in
1045 3055 1106 3117 Nos
1116 3055 1210 3117 etiarn
1220 3053 1368 3119 amorem.

219 3155 289 3216 llac
303 3151 495 3234 intelligimus
507 3169 544 3215 ex
556 3148 770 3215 amantissimis
789 3148 869 3214 illius
882 3149 922 3214 ad
933 3151 995 3216 Nos
1008 3150 1133 3232 litteris,
1145 3151 1211 3217 hac
1220 3153 1366 3236 podica-

220 3251 301 3312 tione
315 3252 450 3312 omnium
465 3269 500 3312 ac
518 3251 605 3310 lama
616 3249 790 3311 celebritate
802 3248 840 3311 ad
859 3252 920 3312 Nos
940 3250 1139 3331 perferuntur.
1154 3254 1217 3314 Nos
1237 3251 1367 3314 invicem

219 3347 389 3411 excellentis
405 3347 471 3425 ejus
489 3345 625 3420 virtutis,
641 3364 677 3406 ac
698 3345 848 3411 felicitatis
867 3347 1077 3409 studiosissimi
1098 3366 1216 3410 sumus.
1239 3350 1368 3411 Omnem

218 3442 443 3526 propensissimi
461 3441 553 3503 animi
577 3458 715 3520 sensum,
741 3460 802 3522 quo
824 3444 1073 3522 gloriosissimum
1098 3446 1163 3524 ejus
1178 3464 1274 3508 avum
1298 3465 1369 3527 pro-

219 3539 440 3622 sequebamur,
463 3537 494 3598 in
515 3537 600 3599 illum
620 3538 858 3600 cumulatissime
882 3539 1087 3605 traducimus..
1103 3542 1211 3605 Omnia
1235 3548 1370 3624 paterne

218 3637 353 3700 caritatis
369 3634 486 3716 officia,
501 3652 622 3700 omnem
634 3633 674 3697 de
689 3635 785 3698 suain
796 3638 857 3699 Nos
868 3637 980 3718 pietate
998 3636 1141 3701 fiduciam
1154 3639 1186 3701 iu
1203 3639 1256 3702 illo
1268 3641 1369 3703 collo-

218 3754 335 3800 camus.
350 3737 450 3816 Atque
462 3738 520 3797 boc
531 3734 598 3797 loco
609 3734 648 3797 ad
661 3750 726 3793 rem
736 3732 876 3813 pertinet,
894 3733 1020 3810 utvobis
1036 3735 1252 3815 significemus,
1264 3738 1368 3801 Vene-

217 3834 345 3896 rabilem
356 3835 632 3897 Fratremnostrum
639 3829 832 3893 Franciscum
844 3831 1117 3896 toaohimumsn.
1128 3836 1163 3894 E.
1175 3833 1368 3896 cardinalem

217 3931 256 3994 de
271 3930 376 3994 Beruis
388 3928 565 4010 episcopum
587 3928 790 3991 Albanensem
814 3929 845 3990 in
862 3930 988 4010 pristino
1004 3930 1085 4013 apud
1095 3932 1157 3992 Nos
1178 3937 1270 4012 atque
1289 3931 1383 3993 banc>

130 4068 134 4077 ι
218 4034 361 4094 Sanctam
379 4027 489 4092 adem
511 4025 676 4090 ministerio
700 4027 911 4090 confirmatum
935 4047 1001 4092 esse
1022 4034 1221 4111 nostrumque
1241 4029 1279 4091 de
1303 4030 1370 4111 ejus

217 4127 370 4210 prestanti
388 4125 477 4189 laude
492 4123 642 4204 judicium
662 4125 902 4205 praclaroregis
922 4127 1095 4190 testimonio
1117 4127 1367 4210 comprobatum.

217 4227 349 4290 Huncin
369 4225 495 4289 modum
513 4223 704 4286 vehementer
726 4223 910 4304 gaudemus,
930 4226 1012 4306 quod
1028 4234 1059 4289 et
1079 4227 1164 4290 vobis
1188 4236 1370 4309 pergratum

217 4323 282 4385 fore
296 4324 407 4386 scimus
416 4369 426 4402 ‚
443 4323 472 4385 in
488 4321 539 4384 illo
553 4339 623 4383 cum
634 4321 779 4383 eximium
791 4321 879 4402 regiae
892 4323 1053 4386 voluntatis
1071 4324 1280 4407 interpretem,
1301 4335 1370 4389 tum

216 4421 311 4482 nostri
324 4439 395 4500 erga
405 4411 507 4501 regem
512 4418 603 4481 animi
608 4426 715 4483 testem
721 4420 930 4500 gravissimum
938 4424 999 4484 Nos
1010 4440 1075 4485 esse
1085 4423 1254 4485 habituros.
1268 4426 1368 4487 Deum

217 4517 371 4600 Optimum
387 4520 551 4582 Maximum
572 4518 784 4597 obsecramus,
804 4525 837 4582 ut
852 4537 929 4598 quos
947 4518 978 4580 in
994 4517 1041 4581 bis
1056 4518 1203 4598 regnandi
1219 4519 1368 4602 auspiciis
