<?xml version="1.0" encoding="UTF-8"?>
<!DOCTYPE html PUBLIC "-//W3C//DTD XHTML 1.0 Transitional//EN"
    "http://www.w3.org/TR/xhtml1/DTD/xhtml1-transitional.dtd">
<html xmlns="http://www.w3.org/1999/xhtml" xml:lang="en" lang="en">
 <head>
  <title>
</title>
<meta http-equiv="Content-Type" content="text/html;charset=utf-8" />
  <meta name='ocr-system' content='tesseract 3.04.00' />
  <meta name='ocr-capabilities' content='ocr_page ocr_carea ocr_par ocr_line ocrx_word'/>
</head>
<body>
  <div class='ocr_page' id='page_1' title='image "./clementisxivpon00clemgoog_0152.png"; bbox 0 0 3188 5414; ppageno 0'>
   <div class='ocr_carea' id='block_1_1' title="bbox 501 516 1400 577">
    <p class='ocr_par' dir='ltr' id='par_1_1' title="bbox 501 516 1400 577">
     <span class='ocr_line' id='line_1_1' title="bbox 501 516 1400 577; baseline 0.008 -7"><span class='ocrx_word' id='word_1_1' title='bbox 501 517 683 572; x_wconf 79' lang='lat' dir='ltr'>EPlSlOLAE</span> <span class='ocrx_word' id='word_1_2' title='bbox 701 516 896 570; x_wconf 68' lang='lat' dir='ltr'>adunavit</span> <span class='ocrx_word' id='word_1_3' title='bbox 918 517 1400 577; x_wconf 66' lang='lat' dir='ltr'>nunnamenster</span> 
     </span>
    </p>
   </div>
   <div class='ocr_carea' id='block_1_2' title="bbox 203 613 1478 2166">
    <p class='ocr_par' dir='ltr' id='par_1_2' title="bbox 203 613 1408 704">
     <span class='ocr_line' id='line_1_2' title="bbox 203 613 1408 704; baseline 0.003 -20"><span class='ocrx_word' id='word_1_4' title='bbox 203 613 207 621; x_wconf 69' lang='grc'><em>’</em></span> <span class='ocrx_word' id='word_1_5' title='bbox 249 625 362 685; x_wconf 87' lang='lat' dir='ltr'>barum</span> <span class='ocrx_word' id='word_1_6' title='bbox 387 621 460 682; x_wconf 87' lang='lat' dir='ltr'>serie</span> <span class='ocrx_word' id='word_1_7' title='bbox 492 621 658 682; x_wconf 84' lang='lat' dir='ltr'>litterarum</span> <span class='ocrx_word' id='word_1_8' title='bbox 682 622 886 699; x_wconf 76' lang='lat' dir='ltr'>absolventes</span> <span class='ocrx_word' id='word_1_9' title='bbox 905 628 935 682; x_wconf 91' lang='lat' dir='ltr'>et</span> <span class='ocrx_word' id='word_1_10' title='bbox 957 623 1129 684; x_wconf 89' lang='lat' dir='ltr'>absolutum</span> <span class='ocrx_word' id='word_1_11' title='bbox 1150 623 1213 684; x_wconf 90' lang='lat' dir='ltr'>lore</span> <span class='ocrx_word' id='word_1_12' title='bbox 1206 634 1408 704; x_wconf 77' lang='lat' dir='ltr'>censentes,</span> 
     </span>
    </p>

    <p class='ocr_par' dir='ltr' id='par_1_3' title="bbox 246 704 1403 801">
     <span class='ocr_line' id='line_1_3' title="bbox 246 704 1403 801; baseline 0.001 -19.004"><span class='ocrx_word' id='word_1_13' title='bbox 246 704 337 798; x_wconf 75' lang='lat' dir='ltr'>iustis</span> <span class='ocrx_word' id='word_1_14' title='bbox 355 720 392 780; x_wconf 88' lang='lat' dir='ltr'>de</span> <span class='ocrx_word' id='word_1_15' title='bbox 416 721 514 781; x_wconf 89' lang='lat' dir='ltr'>causis</span> <span class='ocrx_word' id='word_1_16' title='bbox 521 717 697 800; x_wconf 88' lang='lat' dir='ltr'>,Nebisque</span> <span class='ocrx_word' id='word_1_17' title='bbox 711 720 790 782; x_wconf 90' lang='lat' dir='ltr'>notis</span> <span class='ocrx_word' id='word_1_18' title='bbox 810 720 1005 781; x_wconf 79' lang='lat' dir='ltr'>concedimus</span> <span class='ocrx_word' id='word_1_19' title='bbox 1027 720 1081 781; x_wconf 89' lang='lat' dir='ltr'>tibi</span> <span class='ocrx_word' id='word_1_20' title='bbox 1104 721 1269 801; x_wconf 88' lang='lat' dir='ltr'>apostoliea</span> <span class='ocrx_word' id='word_1_21' title='bbox 1294 729 1403 783; x_wconf 90' lang='lat' dir='ltr'>aueto-</span> 
     </span>
    </p>

    <p class='ocr_par' dir='ltr' id='par_1_4' title="bbox 250 817 1401 898">
     <span class='ocr_line' id='line_1_4' title="bbox 250 817 1401 898; baseline 0.001 -19"><span class='ocrx_word' id='word_1_22' title='bbox 250 819 355 894; x_wconf 90' lang='lat' dir='ltr'>ritate,</span> <span class='ocrx_word' id='word_1_23' title='bbox 370 837 405 878; x_wconf 87' lang='lat' dir='ltr'>ae</span> <span class='ocrx_word' id='word_1_24' title='bbox 425 817 629 898; x_wconf 77' lang='lat' dir='ltr'>indulgemuS,</span> <span class='ocrx_word' id='word_1_25' title='bbox 643 824 677 878; x_wconf 92' lang='lat' dir='ltr'>ut</span> <span class='ocrx_word' id='word_1_26' title='bbox 696 817 837 896; x_wconf 84' lang='lat' dir='ltr'>Abbatis,</span> <span class='ocrx_word' id='word_1_27' title='bbox 850 836 903 879; x_wconf 91' lang='lat' dir='ltr'>seu</span> <span class='ocrx_word' id='word_1_28' title='bbox 916 817 1070 898; x_wconf 85' lang='lat' dir='ltr'>Praepositi</span> <span class='ocrx_word' id='word_1_29' title='bbox 1086 817 1219 880; x_wconf 81' lang='lat' dir='ltr'>officium</span> <span class='ocrx_word' id='word_1_30' title='bbox 1234 818 1401 892; x_wconf 82' lang='lat' dir='ltr'>dimittere,</span> 
     </span>
    </p>

    <p class='ocr_par' dir='ltr' id='par_1_5' title="bbox 250 863 1403 1024">
     <span class='ocr_line' id='line_1_5' title="bbox 250 863 1403 1024; baseline 0 -47"><span class='ocrx_word' id='word_1_31' title='bbox 250 935 286 977; x_wconf 87' lang='lat' dir='ltr'>ae</span> <span class='ocrx_word' id='word_1_32' title='bbox 303 915 471 995; x_wconf 87' lang='lat' dir='ltr'>resignare,</span> <span class='ocrx_word' id='word_1_33' title='bbox 490 920 521 976; x_wconf 93' lang='lat' dir='ltr'>et</span> <span class='ocrx_word' id='word_1_34' title='bbox 533 914 587 976; x_wconf 93' lang='lat' dir='ltr'>ut</span> <span class='ocrx_word' id='word_1_35' title='bbox 578 933 608 975; x_wconf 90' lang='grc' dir='ltr'>ιιι</span> <span class='ocrx_word' id='word_1_36' title='bbox 623 915 817 1024; x_wconf 86' lang='lat' dir='ltr'>quacumque</span> <span class='ocrx_word' id='word_1_37' title='bbox 829 863 925 976; x_wconf 60' lang='lat' dir='ltr'>bomo</span> <span class='ocrx_word' id='word_1_38' title='bbox 941 914 1084 995; x_wconf 85' lang='lat' dir='ltr'>regulari,</span> <span class='ocrx_word' id='word_1_39' title='bbox 1105 915 1166 976; x_wconf 90' lang='lat' dir='ltr'>sive</span> <span class='ocrx_word' id='word_1_40' title='bbox 1180 915 1241 992; x_wconf 88' lang='lat' dir='ltr'>tui,</span> <span class='ocrx_word' id='word_1_41' title='bbox 1254 915 1316 977; x_wconf 88' lang='lat' dir='ltr'>sive</span> <span class='ocrx_word' id='word_1_42' title='bbox 1331 917 1403 977; x_wconf 84' lang='lat' dir='ltr'>alte-</span> 
     </span>
    </p>

    <p class='ocr_par' dir='ltr' id='par_1_6' title="bbox 240 1010 1478 2166">
     <span class='ocr_line' id='line_1_6' title="bbox 248 1010 1401 1094; baseline 0.002 -22"><span class='ocrx_word' id='word_1_43' title='bbox 248 1014 312 1074; x_wconf 88' lang='lat' dir='ltr'>rius</span> <span class='ocrx_word' id='word_1_44' title='bbox 325 1011 439 1074; x_wconf 81' lang='lat' dir='ltr'>ordinis</span> <span class='ocrx_word' id='word_1_45' title='bbox 458 1012 657 1090; x_wconf 85' lang='lat' dir='ltr'>commorari,</span> <span class='ocrx_word' id='word_1_46' title='bbox 672 1010 697 1073; x_wconf 90' lang='lat' dir='ltr'>si</span> <span class='ocrx_word' id='word_1_47' title='bbox 716 1011 759 1072; x_wconf 89' lang='lat' dir='ltr'>ita</span> <span class='ocrx_word' id='word_1_48' title='bbox 771 1029 828 1092; x_wconf 92' lang='lat' dir='ltr'>pro</span> <span class='ocrx_word' id='word_1_49' title='bbox 840 1016 899 1073; x_wconf 86' lang='lat' dir='ltr'>tuae</span> <span class='ocrx_word' id='word_1_50' title='bbox 913 1010 1102 1072; x_wconf 78' lang='lat' dir='ltr'>conscientie</span> <span class='ocrx_word' id='word_1_51' title='bbox 1115 1011 1329 1092; x_wconf 81' lang='lat' dir='ltr'>tranquillitate</span> <span class='ocrx_word' id='word_1_52' title='bbox 1341 1032 1401 1094; x_wconf 74' lang='lat' dir='ltr'>op</span> 
     </span>
     <span class='ocr_line' id='line_1_7' title="bbox 247 1100 1401 1193; baseline 0 -21"><span class='ocrx_word' id='word_1_53' title='bbox 247 1121 414 1193; x_wconf 89' lang='lat' dir='ltr'>pertunum</span> <span class='ocrx_word' id='word_1_54' title='bbox 426 1110 622 1191; x_wconf 83' lang='lat' dir='ltr'>judicaveris,</span> <span class='ocrx_word' id='word_1_55' title='bbox 643 1109 740 1192; x_wconf 90' lang='lat' dir='ltr'>possis</span> <span class='ocrx_word' id='word_1_56' title='bbox 759 1117 790 1171; x_wconf 90' lang='lat' dir='ltr'>et</span> <span class='ocrx_word' id='word_1_57' title='bbox 803 1111 920 1172; x_wconf 77' lang='lat' dir='ltr'>valeas.</span> <span class='ocrx_word' id='word_1_58' title='bbox 930 1100 998 1171; x_wconf 88' lang='lat' dir='ltr'>Non</span> <span class='ocrx_word' id='word_1_59' title='bbox 1012 1107 1153 1171; x_wconf 88' lang='lat' dir='ltr'>obstante</span> <span class='ocrx_word' id='word_1_60' title='bbox 1164 1116 1218 1172; x_wconf 88' lang='lat' dir='ltr'>tue</span> <span class='ocrx_word' id='word_1_61' title='bbox 1232 1110 1401 1172; x_wconf 77' lang='lat' dir='ltr'>stabilitatis</span> 
     </span>
     <span class='ocr_line' id='line_1_8' title="bbox 244 1200 1401 1288; baseline -0.002 -17"><span class='ocrx_word' id='word_1_62' title='bbox 244 1212 347 1288; x_wconf 84' lang='lat' dir='ltr'>jurato</span> <span class='ocrx_word' id='word_1_63' title='bbox 358 1216 447 1288; x_wconf 91' lang='lat' dir='ltr'>voto,</span> <span class='ocrx_word' id='word_1_64' title='bbox 464 1229 500 1271; x_wconf 88' lang='lat' dir='ltr'>ae</span> <span class='ocrx_word' id='word_1_65' title='bbox 510 1227 571 1271; x_wconf 91' lang='lat' dir='ltr'>non</span> <span class='ocrx_word' id='word_1_66' title='bbox 585 1205 775 1270; x_wconf 81' lang='lat' dir='ltr'>obstantibus</span> <span class='ocrx_word' id='word_1_67' title='bbox 788 1200 893 1269; x_wconf 87' lang='lat' dir='ltr'>itidem</span> <span class='ocrx_word' id='word_1_68' title='bbox 904 1207 1183 1284; x_wconf 85' lang='lat' dir='ltr'>constitutionibus,</span> <span class='ocrx_word' id='word_1_69' title='bbox 1196 1214 1226 1268; x_wconf 90' lang='lat' dir='ltr'>et</span> <span class='ocrx_word' id='word_1_70' title='bbox 1239 1208 1401 1269; x_wconf 87' lang='lat' dir='ltr'>ordinatio-</span> 
     </span>
     <span class='ocr_line' id='line_1_9' title="bbox 245 1303 1400 1389; baseline -0.003 -20"><span class='ocrx_word' id='word_1_71' title='bbox 245 1308 335 1369; x_wconf 91' lang='lat' dir='ltr'>nibus</span> <span class='ocrx_word' id='word_1_72' title='bbox 347 1307 537 1389; x_wconf 89' lang='lat' dir='ltr'>apostolicis,</span> <span class='ocrx_word' id='word_1_73' title='bbox 554 1306 656 1387; x_wconf 90' lang='lat' dir='ltr'>tuique</span> <span class='ocrx_word' id='word_1_74' title='bbox 675 1304 787 1368; x_wconf 90' lang='lat' dir='ltr'>ordinis</span> <span class='ocrx_word' id='word_1_75' title='bbox 808 1303 945 1383; x_wconf 87' lang='lat' dir='ltr'>statutis,</span> <span class='ocrx_word' id='word_1_76' title='bbox 957 1305 1104 1383; x_wconf 75' lang='lat' dir='ltr'>decretis,</span> <span class='ocrx_word' id='word_1_77' title='bbox 1126 1306 1267 1381; x_wconf 91' lang='lat' dir='ltr'>indultis,</span> <span class='ocrx_word' id='word_1_78' title='bbox 1284 1323 1319 1366; x_wconf 84' lang='lat' dir='ltr'>ac</span> <span class='ocrx_word' id='word_1_79' title='bbox 1335 1307 1400 1386; x_wconf 93' lang='lat' dir='ltr'>pri-</span> 
     </span>
     <span class='ocr_line' id='line_1_10' title="bbox 246 1403 1397 1488; baseline -0.003 -21"><span class='ocrx_word' id='word_1_80' title='bbox 246 1407 375 1488; x_wconf 86' lang='lat' dir='ltr'>vilegiis,</span> <span class='ocrx_word' id='word_1_81' title='bbox 396 1405 535 1488; x_wconf 91' lang='lat' dir='ltr'>quamvis</span> <span class='ocrx_word' id='word_1_82' title='bbox 557 1404 717 1487; x_wconf 79' lang='lat' dir='ltr'>specialem</span> <span class='ocrx_word' id='word_1_83' title='bbox 737 1411 768 1465; x_wconf 89' lang='lat' dir='ltr'>et</span> <span class='ocrx_word' id='word_1_84' title='bbox 789 1403 974 1465; x_wconf 86' lang='lat' dir='ltr'>individuam</span> <span class='ocrx_word' id='word_1_85' title='bbox 994 1403 1178 1464; x_wconf 87' lang='lat' dir='ltr'>mentionem</span> <span class='ocrx_word' id='word_1_86' title='bbox 1195 1403 1397 1483; x_wconf 89' lang='lat' dir='ltr'>requirerent,</span> 
     </span>
     <span class='ocr_line' id='line_1_11' title="bbox 244 1500 1399 1586; baseline -0.003 -21"><span class='ocrx_word' id='word_1_87' title='bbox 244 1505 356 1585; x_wconf 89' lang='lat' dir='ltr'>quibus</span> <span class='ocrx_word' id='word_1_88' title='bbox 376 1511 480 1566; x_wconf 89' lang='lat' dir='ltr'>tenore</span> <span class='ocrx_word' id='word_1_89' title='bbox 498 1503 689 1586; x_wconf 73' lang='lat' dir='ltr'>presentium</span> <span class='ocrx_word' id='word_1_90' title='bbox 701 1502 901 1582; x_wconf 76' lang='lat' dir='ltr'>derogamuS,</span> <span class='ocrx_word' id='word_1_91' title='bbox 917 1502 1081 1582; x_wconf 89' lang='lat' dir='ltr'>ceterisque</span> <span class='ocrx_word' id='word_1_92' title='bbox 1099 1500 1258 1562; x_wconf 89' lang='lat' dir='ltr'>contrariis</span> <span class='ocrx_word' id='word_1_93' title='bbox 1270 1501 1399 1580; x_wconf 89' lang='lat' dir='ltr'>quibus-</span> 
     </span>
     <span class='ocr_line' id='line_1_12' title="bbox 242 1601 1396 1686; baseline -0.001 -23"><span class='ocrx_word' id='word_1_94' title='bbox 242 1621 387 1684; x_wconf 92' lang='lat' dir='ltr'>cumque.</span> <span class='ocrx_word' id='word_1_95' title='bbox 400 1605 498 1686; x_wconf 82' lang='lat' dir='ltr'>Atque</span> <span class='ocrx_word' id='word_1_96' title='bbox 510 1601 568 1665; x_wconf 92' lang='lat' dir='ltr'>boc</span> <span class='ocrx_word' id='word_1_97' title='bbox 577 1601 699 1684; x_wconf 89' lang='lat' dir='ltr'>quidem</span> <span class='ocrx_word' id='word_1_98' title='bbox 713 1601 862 1664; x_wconf 91' lang='lat' dir='ltr'>indultum</span> <span class='ocrx_word' id='word_1_99' title='bbox 872 1621 910 1664; x_wconf 90' lang='lat' dir='ltr'>eo</span> <span class='ocrx_word' id='word_1_100' title='bbox 921 1602 1012 1663; x_wconf 90' lang='lat' dir='ltr'>etiam</span> <span class='ocrx_word' id='word_1_101' title='bbox 1025 1601 1079 1662; x_wconf 90' lang='lat' dir='ltr'>tibi</span> <span class='ocrx_word' id='word_1_102' title='bbox 1088 1602 1233 1681; x_wconf 86' lang='lat' dir='ltr'>largimur</span> <span class='ocrx_word' id='word_1_103' title='bbox 1244 1602 1396 1679; x_wconf 91' lang='lat' dir='ltr'>libentius,</span> 
     </span>
     <span class='ocr_line' id='line_1_13' title="bbox 244 1698 1397 1784; baseline 0 -22"><span class='ocrx_word' id='word_1_104' title='bbox 244 1702 358 1763; x_wconf 86' lang='lat' dir='ltr'>llileete</span> <span class='ocrx_word' id='word_1_105' title='bbox 372 1701 414 1762; x_wconf 88' lang='lat' dir='ltr'>lili</span> <span class='ocrx_word' id='word_1_106' title='bbox 422 1748 431 1780; x_wconf 95' lang='lat'>,</span> <span class='ocrx_word' id='word_1_107' title='bbox 446 1719 511 1784; x_wconf 88' lang='lat' dir='ltr'>quo</span> <span class='ocrx_word' id='word_1_108' title='bbox 523 1700 637 1764; x_wconf 87' lang='lat' dir='ltr'>aditu&#39;m</span> <span class='ocrx_word' id='word_1_109' title='bbox 652 1701 689 1763; x_wconf 89' lang='lat' dir='ltr'>ad</span> <span class='ocrx_word' id='word_1_110' title='bbox 702 1699 776 1763; x_wconf 92' lang='lat' dir='ltr'>alios</span> <span class='ocrx_word' id='word_1_111' title='bbox 789 1701 893 1762; x_wconf 90' lang='lat' dir='ltr'>itidem</span> <span class='ocrx_word' id='word_1_112' title='bbox 910 1698 1073 1762; x_wconf 84' lang='lat' dir='ltr'>Pontificiae</span> <span class='ocrx_word' id='word_1_113' title='bbox 1084 1700 1296 1762; x_wconf 72' lang='lat' dir='ltr'>benevolentia</span> <span class='ocrx_word' id='word_1_114' title='bbox 1312 1701 1397 1762; x_wconf 87' lang='lat' dir='ltr'>lruc-</span> 
     </span>
     <span class='ocr_line' id='line_1_14' title="bbox 242 1788 1394 1889; baseline 0 -31"><span class='ocrx_word' id='word_1_115' title='bbox 242 1806 307 1876; x_wconf 86' lang='lat' dir='ltr'>tus,</span> <span class='ocrx_word' id='word_1_116' title='bbox 321 1796 343 1859; x_wconf 92' lang='lat' dir='ltr'>si</span> <span class='ocrx_word' id='word_1_117' title='bbox 356 1788 467 1889; x_wconf 87' lang='lat' dir='ltr'>quibus</span> <span class='ocrx_word' id='word_1_118' title='bbox 480 1814 557 1879; x_wconf 90' lang='lat' dir='ltr'>opus</span> <span class='ocrx_word' id='word_1_119' title='bbox 565 1788 671 1875; x_wconf 85' lang='lat' dir='ltr'>luerit,</span> <span class='ocrx_word' id='word_1_120' title='bbox 681 1796 907 1878; x_wconf 81' lang='lat' dir='ltr'>percipiendos,</span> <span class='ocrx_word' id='word_1_121' title='bbox 920 1796 974 1858; x_wconf 89' lang='lat' dir='ltr'>tibi</span> <span class='ocrx_word' id='word_1_122' title='bbox 987 1814 1025 1857; x_wconf 90' lang='lat' dir='ltr'>eo</span> <span class='ocrx_word' id='word_1_123' title='bbox 1038 1796 1105 1876; x_wconf 90' lang='lat' dir='ltr'>ipso</span> <span class='ocrx_word' id='word_1_124' title='bbox 1116 1803 1220 1876; x_wconf 90' lang='lat' dir='ltr'>patere</span> <span class='ocrx_word' id='word_1_125' title='bbox 1235 1797 1394 1876; x_wconf 86' lang='lat' dir='ltr'>intelligas.</span> 
     </span>
     <span class='ocr_line' id='line_1_15' title="bbox 240 1893 1395 1975; baseline -0.001 -20"><span class='ocrx_word' id='word_1_126' title='bbox 240 1895 305 1956; x_wconf 83' lang='lat' dir='ltr'>Ae</span> <span class='ocrx_word' id='word_1_127' title='bbox 298 1913 328 1956; x_wconf 92' lang='lat' dir='ltr'>m</span> <span class='ocrx_word' id='word_1_128' title='bbox 342 1914 382 1975; x_wconf 89' lang='lat' dir='ltr'>pa</span> <span class='ocrx_word' id='word_1_129' title='bbox 383 1901 474 1956; x_wconf 80' lang='lat' dir='ltr'>terna</span> <span class='ocrx_word' id='word_1_130' title='bbox 483 1893 618 1956; x_wconf 86' lang='lat' dir='ltr'>caritatis</span> <span class='ocrx_word' id='word_1_131' title='bbox 628 1895 736 1975; x_wconf 88' lang='lat' dir='ltr'>pignus</span> <span class='ocrx_word' id='word_1_132' title='bbox 746 1893 945 1974; x_wconf 86' lang='lat' dir='ltr'>apostolicam</span> <span class='ocrx_word' id='word_1_133' title='bbox 953 1893 1193 1955; x_wconf 82' lang='lat' dir='ltr'>benedictionem</span> <span class='ocrx_word' id='word_1_134' title='bbox 1205 1895 1271 1971; x_wconf 86' lang='lat' dir='ltr'>tibi,</span> <span class='ocrx_word' id='word_1_135' title='bbox 1284 1896 1395 1956; x_wconf 80' lang='lat' dir='ltr'>Dilecta</span> 
     </span>
     <span class='ocr_line' id='line_1_16' title="bbox 240 1989 1478 2095; baseline 0 -44"><span class='ocrx_word' id='word_1_136' title='bbox 240 1991 302 2070; x_wconf 83' lang='lat' dir='ltr'>tili,</span> <span class='ocrx_word' id='word_1_137' title='bbox 323 1995 517 2081; x_wconf 83' lang='lat' dir='ltr'>peramanter</span> <span class='ocrx_word' id='word_1_138' title='bbox 535 1989 736 2071; x_wconf 89' lang='lat' dir='ltr'>impertimur.</span> <span class='ocrx_word' id='word_1_139' title='bbox 753 1991 865 2050; x_wconf 79' lang='lat' dir='ltr'>Datum</span> <span class='ocrx_word' id='word_1_140' title='bbox 879 1991 992 2060; x_wconf 67' lang='lat' dir='ltr'>Remea</span> <span class='ocrx_word' id='word_1_141' title='bbox 1007 1997 1079 2066; x_wconf 74' lang='lat' dir='ltr'>eta,</span> <span class='ocrx_word' id='word_1_142' title='bbox 1099 1992 1148 2095; x_wconf 78' lang='lat' dir='ltr'>dte</span> <span class='ocrx_word' id='word_1_143' title='bbox 1169 2004 1206 2053; x_wconf 72' lang='lat' dir='ltr'>at</span> <span class='ocrx_word' id='word_1_144' title='bbox 1228 1995 1395 2054; x_wconf 68' lang='lat' dir='ltr'>novenbris</span> <span class='ocrx_word' id='word_1_145' title='bbox 1476 2007 1478 2010; x_wconf 84' lang='lat'>·</span> 
     </span>
     <span class='ocr_line' id='line_1_17' title="bbox 243 2086 882 2166; baseline 0.002 -20"><span class='ocrx_word' id='word_1_146' title='bbox 243 2097 330 2164; x_wconf 76' lang='lat'>1770,</span> <span class='ocrx_word' id='word_1_147' title='bbox 345 2089 536 2202; x_wconf 77' lang='lat' dir='ltr'>pont&#39;fleutas</span> <span class='ocrx_word' id='word_1_148' title='bbox 546 2089 643 2148; x_wconf 68' lang='lat' dir='ltr'>neeri</span> <span class='ocrx_word' id='word_1_149' title='bbox 650 2086 882 2175; x_wconf 72' lang='lat' dir='ltr'>annemundo.</span> 
     </span>
    </p>
   </div>
   <div class='ocr_carea' id='block_1_3' title="bbox 740 2257 883 2327">
    <p class='ocr_par' dir='ltr' id='par_1_7' title="bbox 740 2257 883 2327">
     <span class='ocr_line' id='line_1_18' title="bbox 740 2257 883 2327; baseline -0.015 0"><span class='ocrx_word' id='word_1_150' title='bbox 740 2257 883 2327; x_wconf 84' lang='lat' dir='ltr'>CXVlll.</span> 
     </span>
    </p>
   </div>
   <div class='ocr_carea' id='block_1_4' title="bbox 290 2367 1255 2538">
    <p class='ocr_par' dir='ltr' id='par_1_8' title="bbox 290 2367 1255 2538">
     <span class='ocr_line' id='line_1_19' title="bbox 290 2367 1073 2430; baseline 0 -2"><span class='ocrx_word' id='word_1_151' title='bbox 290 2393 292 2397; x_wconf 57' lang='grc'>’</span> <span class='ocrx_word' id='word_1_152' title='bbox 442 2367 444 2370; x_wconf 48' lang='lat'><em>⁴</em></span> <span class='ocrx_word' id='word_1_153' title='bbox 542 2376 713 2429; x_wconf 74' lang='lat' dir='ltr'>&#39;&#39;‘mnncno</span> <span class='ocrx_word' id='word_1_154' title='bbox 735 2387 821 2430; x_wconf 84' lang='grc' dir='ltr'>ιιιιο</span> <span class='ocrx_word' id='word_1_155' title='bbox 844 2382 952 2429; x_wconf 79' lang='lat' dir='ltr'>nerim</span> <span class='ocrx_word' id='word_1_156' title='bbox 972 2384 1073 2429; x_wconf 76' lang='grc' dir='ltr'>ιιιιιιι</span> 
     </span>
     <span class='ocr_line' id='line_1_20' title="bbox 299 2462 1255 2538; baseline 0 -2"><span class='ocrx_word' id='word_1_157' title='bbox 299 2490 301 2494; x_wconf 92' lang='grc'><strong><em>·</em></strong></span> <span class='ocrx_word' id='word_1_158' title='bbox 394 2475 549 2537; x_wconf 78' lang='lat' dir='ltr'>uAanno</span> <span class='ocrx_word' id='word_1_159' title='bbox 569 2472 741 2536; x_wconf 81' lang='lat' dir='ltr'>suenum</span> <span class='ocrx_word' id='word_1_160' title='bbox 760 2462 854 2536; x_wconf 85' lang='lat' dir='ltr'>nuci</span> <span class='ocrx_word' id='word_1_161' title='bbox 877 2470 1229 2538; x_wconf 81' lang='lat' dir='ltr'>WlllTllMBERGENSl</span> <span class='ocrx_word' id='word_1_162' title='bbox 1252 2514 1255 2521; x_wconf 88' lang='lat'>·</span> 
     </span>
    </p>
   </div>
   <div class='ocr_carea' id='block_1_5' title="bbox 546 2576 1072 2684">
    <p class='ocr_par' dir='ltr' id='par_1_9' title="bbox 546 2576 1072 2684">
     <span class='ocr_line' id='line_1_21' title="bbox 546 2576 1072 2684; baseline -0.006 -26"><span class='ocrx_word' id='word_1_163' title='bbox 546 2576 781 2660; x_wconf 84' lang='lat' dir='ltr'>CLEMENS</span> <span class='ocrx_word' id='word_1_164' title='bbox 809 2581 938 2684; x_wconf 85' lang='lat' dir='ltr'><strong>PAPA</strong></span> <span class='ocrx_word' id='word_1_165' title='bbox 962 2581 1072 2659; x_wconf 89' lang='lat' dir='ltr'><strong>XIV.</strong></span> 
     </span>
    </p>
   </div>
   <div class='ocr_carea' id='block_1_6' title="bbox 912 2687 1395 2764">
    <p class='ocr_par' dir='ltr' id='par_1_10' title="bbox 912 2687 1395 2764">
     <span class='ocr_line' id='line_1_22' title="bbox 912 2687 1395 2764; baseline 0.005 -11.186"><span class='ocrx_word' id='word_1_166' title='bbox 912 2707 1047 2764; x_wconf 76' lang='lat' dir='ltr'>Romae,</span> <span class='ocrx_word' id='word_1_167' title='bbox 1063 2700 1243 2754; x_wconf 74' lang='lat' dir='ltr'>ltnovembiis</span> <span class='ocrx_word' id='word_1_168' title='bbox 1257 2701 1324 2755; x_wconf 72' lang='lat' dir='ltr'>illo.</span> <span class='ocrx_word' id='word_1_169' title='bbox 1390 2687 1395 2693; x_wconf 44' lang='grc'><strong>’</strong></span> 
     </span>
    </p>
   </div>
   <div class='ocr_carea' id='block_1_7' title="bbox 219 2779 1473 4431">
    <p class='ocr_par' dir='ltr' id='par_1_11' title="bbox 219 2779 1473 4431">
     <span class='ocr_line' id='line_1_23' title="bbox 280 2779 1387 2871; baseline 0.001 -19"><span class='ocrx_word' id='word_1_170' title='bbox 280 2796 416 2869; x_wconf 79' lang='lat' dir='ltr'>Dilecta,</span> <span class='ocrx_word' id='word_1_171' title='bbox 432 2779 487 2857; x_wconf 81' lang='lat' dir='ltr'>etc.</span> <span class='ocrx_word' id='word_1_172' title='bbox 511 2792 645 2853; x_wconf 79' lang='lat' dir='ltr'>Reddita</span> <span class='ocrx_word' id='word_1_173' title='bbox 666 2793 758 2853; x_wconf 90' lang='lat' dir='ltr'>Nobis</span> <span class='ocrx_word' id='word_1_174' title='bbox 775 2799 844 2852; x_wconf 92' lang='lat' dir='ltr'>sunt</span> <span class='ocrx_word' id='word_1_175' title='bbox 865 2809 919 2871; x_wconf 92' lang='lat' dir='ltr'>per</span> <span class='ocrx_word' id='word_1_176' title='bbox 917 2784 1024 2852; x_wconf 89' lang='lat' dir='ltr'>dilect</span> <span class='ocrx_word' id='word_1_177' title='bbox 1012 2798 1078 2852; x_wconf 92' lang='lat' dir='ltr'>tum</span> <span class='ocrx_word' id='word_1_178' title='bbox 1089 2792 1186 2852; x_wconf 82' lang='lat' dir='ltr'>filium</span> <span class='ocrx_word' id='word_1_179' title='bbox 1200 2793 1387 2853; x_wconf 90' lang='lat' dir='ltr'>Bernardum</span> 
     </span>
     <span class='ocr_line' id='line_1_24' title="bbox 233 2877 1386 2968; baseline -0.001 -19"><span class='ocrx_word' id='word_1_180' title='bbox 233 2877 377 2951; x_wconf 83' lang='lat' dir='ltr'>Glordaui</span> <span class='ocrx_word' id='word_1_181' title='bbox 389 2895 447 2949; x_wconf 87' lang='lat' dir='ltr'>tuae</span> <span class='ocrx_word' id='word_1_182' title='bbox 461 2888 576 2966; x_wconf 80' lang='lat' dir='ltr'>littera,</span> <span class='ocrx_word' id='word_1_183' title='bbox 591 2888 621 2948; x_wconf 93' lang='lat' dir='ltr'>in</span> <span class='ocrx_word' id='word_1_184' title='bbox 634 2880 744 2968; x_wconf 89' lang='lat' dir='ltr'>quibus</span> <span class='ocrx_word' id='word_1_185' title='bbox 760 2885 892 2967; x_wconf 82' lang='lat' dir='ltr'>parentis</span> <span class='ocrx_word' id='word_1_186' title='bbox 903 2879 947 2946; x_wconf 86' lang='lat' dir='ltr'>tui</span> <span class='ocrx_word' id='word_1_187' title='bbox 960 2882 1105 2967; x_wconf 87' lang='lat' dir='ltr'>sequutus</span> <span class='ocrx_word' id='word_1_188' title='bbox 1118 2887 1242 2966; x_wconf 86' lang='lat' dir='ltr'>vestigia</span> <span class='ocrx_word' id='word_1_189' title='bbox 1251 2888 1386 2948; x_wconf 89' lang='lat' dir='ltr'>debitum</span> 
     </span>
     <span class='ocr_line' id='line_1_25' title="bbox 234 2976 1386 3062; baseline -0.003 -17"><span class='ocrx_word' id='word_1_190' title='bbox 234 2985 327 3062; x_wconf 90' lang='lat' dir='ltr'>Nobis</span> <span class='ocrx_word' id='word_1_191' title='bbox 345 2984 442 3047; x_wconf 86' lang='lat' dir='ltr'>filialis</span> <span class='ocrx_word' id='word_1_192' title='bbox 457 2983 653 3046; x_wconf 81' lang='lat' dir='ltr'>observantiae</span> <span class='ocrx_word' id='word_1_193' title='bbox 667 3002 703 3044; x_wconf 91' lang='lat' dir='ltr'>ae</span> <span class='ocrx_word' id='word_1_194' title='bbox 714 2980 883 3044; x_wconf 87' lang='lat' dir='ltr'>devotionis</span> <span class='ocrx_word' id='word_1_195' title='bbox 895 2980 1030 3042; x_wconf 86' lang='lat' dir='ltr'>officium</span> <span class='ocrx_word' id='word_1_196' title='bbox 1043 2981 1200 3062; x_wconf 85' lang='lat' dir='ltr'>persolvis,</span> <span class='ocrx_word' id='word_1_197' title='bbox 1221 3000 1297 3062; x_wconf 87' lang='lat' dir='ltr'>quas</span> <span class='ocrx_word' id='word_1_198' title='bbox 1312 2976 1386 3062; x_wconf 87' lang='lat' dir='ltr'>par-</span> 
     </span>
     <span class='ocr_line' id='line_1_26' title="bbox 232 3077 1385 3160; baseline -0.001 -17"><span class='ocrx_word' id='word_1_199' title='bbox 232 3089 278 3143; x_wconf 87' lang='lat' dir='ltr'>tes</span> <span class='ocrx_word' id='word_1_200' title='bbox 290 3081 382 3143; x_wconf 90' lang='lat' dir='ltr'>etiam</span> <span class='ocrx_word' id='word_1_201' title='bbox 396 3088 455 3142; x_wconf 89' lang='lat' dir='ltr'>ate</span> <span class='ocrx_word' id='word_1_202' title='bbox 467 3080 528 3142; x_wconf 92' lang='lat' dir='ltr'>sibi</span> <span class='ocrx_word' id='word_1_203' title='bbox 537 3080 714 3143; x_wconf 85' lang='lat' dir='ltr'>commissas</span> <span class='ocrx_word' id='word_1_204' title='bbox 727 3077 859 3160; x_wconf 86' lang='lat' dir='ltr'>diligent</span> <span class='ocrx_word' id='word_1_205' title='bbox 851 3078 952 3141; x_wconf 86' lang='lat' dir='ltr'>rssime</span> <span class='ocrx_word' id='word_1_206' title='bbox 965 3079 1085 3141; x_wconf 91' lang='lat' dir='ltr'>Nobis</span> <span class='ocrx_word' id='word_1_207' title='bbox 1072 3097 1175 3142; x_wconf 89' lang='lat' dir='ltr'>coram</span> <span class='ocrx_word' id='word_1_208' title='bbox 1188 3079 1296 3142; x_wconf 85' lang='lat' dir='ltr'>detulit</span> <span class='ocrx_word' id='word_1_209' title='bbox 1306 3080 1385 3142; x_wconf 90' lang='lat' dir='ltr'>idem</span> 
     </span>
     <span class='ocr_line' id='line_1_27' title="bbox 231 3177 1385 3267; baseline 0.001 -28"><span class='ocrx_word' id='word_1_210' title='bbox 231 3177 390 3256; x_wconf 88' lang='lat' dir='ltr'>Giordani,</span> <span class='ocrx_word' id='word_1_211' title='bbox 415 3185 506 3260; x_wconf 88' lang='lat' dir='ltr'>atque</span> <span class='ocrx_word' id='word_1_212' title='bbox 520 3178 696 3267; x_wconf 89' lang='lat' dir='ltr'>impositum</span> <span class='ocrx_word' id='word_1_213' title='bbox 710 3178 766 3240; x_wconf 92' lang='lat' dir='ltr'>sibi</span> <span class='ocrx_word' id='word_1_214' title='bbox 778 3195 892 3240; x_wconf 90' lang='lat' dir='ltr'>novum</span> <span class='ocrx_word' id='word_1_215' title='bbox 910 3196 929 3239; x_wconf 89' lang='lat' dir='ltr'>a</span> <span class='ocrx_word' id='word_1_216' title='bbox 947 3183 977 3238; x_wconf 87' lang='lat' dir='ltr'>te</span> <span class='ocrx_word' id='word_1_217' title='bbox 992 3194 1102 3240; x_wconf 90' lang='lat' dir='ltr'>munus</span> <span class='ocrx_word' id='word_1_218' title='bbox 1116 3177 1159 3239; x_wconf 89' lang='lat' dir='ltr'>ita</span> <span class='ocrx_word' id='word_1_219' title='bbox 1173 3178 1332 3251; x_wconf 85' lang='lat' dir='ltr'>inchoavit,</span> <span class='ocrx_word' id='word_1_220' title='bbox 1351 3189 1385 3240; x_wconf 88' lang='lat' dir='ltr'>ut</span> 
     </span>
     <span class='ocr_line' id='line_1_28' title="bbox 230 3258 1473 3358; baseline 0.002 -20"><span class='ocrx_word' id='word_1_221' title='bbox 230 3278 406 3358; x_wconf 80' lang='lat' dir='ltr'>praclarum</span> <span class='ocrx_word' id='word_1_222' title='bbox 423 3296 484 3340; x_wconf 82' lang='lat' dir='ltr'>suro</span> <span class='ocrx_word' id='word_1_223' title='bbox 497 3296 569 3358; x_wconf 86' lang='lat' dir='ltr'>erga</span> <span class='ocrx_word' id='word_1_224' title='bbox 588 3275 713 3355; x_wconf 85' lang='lat' dir='ltr'>tetidei,</span> <span class='ocrx_word' id='word_1_225' title='bbox 728 3286 758 3338; x_wconf 88' lang='lat' dir='ltr'>et</span> <span class='ocrx_word' id='word_1_226' title='bbox 770 3293 842 3356; x_wconf 86' lang='lat' dir='ltr'>erga</span> <span class='ocrx_word' id='word_1_227' title='bbox 853 3265 914 3338; x_wconf 88' lang='lat' dir='ltr'>Nos</span> <span class='ocrx_word' id='word_1_228' title='bbox 928 3258 1064 3356; x_wconf 87' lang='lat' dir='ltr'>obsequii</span> <span class='ocrx_word' id='word_1_229' title='bbox 1078 3275 1145 3336; x_wconf 88' lang='lat' dir='ltr'>test&#39;</span> <span class='ocrx_word' id='word_1_230' title='bbox 1137 3275 1285 3338; x_wconf 77' lang='lat' dir='ltr'>imonium</span> <span class='ocrx_word' id='word_1_231' title='bbox 1295 3276 1384 3338; x_wconf 91' lang='lat' dir='ltr'>dede·</span> <span class='ocrx_word' id='word_1_232' title='bbox 1468 3334 1473 3341; x_wconf 89' lang='lat'><strong>.</strong></span> 
     </span>
     <span class='ocr_line' id='line_1_29' title="bbox 228 3370 1382 3448; baseline 0.002 -15"><span class='ocrx_word' id='word_1_233' title='bbox 228 3373 278 3434; x_wconf 89' lang='lat' dir='ltr'>rit.</span> <span class='ocrx_word' id='word_1_234' title='bbox 303 3372 452 3436; x_wconf 88' lang='lat' dir='ltr'>Eumdem</span> <span class='ocrx_word' id='word_1_235' title='bbox 465 3370 528 3436; x_wconf 86' lang='lat' dir='ltr'>Nos¹</span> <span class='ocrx_word' id='word_1_236' title='bbox 541 3381 630 3436; x_wconf 89' lang='lat' dir='ltr'>antea</span> <span class='ocrx_word' id='word_1_237' title='bbox 643 3380 689 3435; x_wconf 93' lang='lat' dir='ltr'>et</span> <span class='ocrx_word' id='word_1_238' title='bbox 692 3373 832 3436; x_wconf 86' lang='lat' dir='ltr'>novimus</span> <span class='ocrx_word' id='word_1_239' title='bbox 846 3377 876 3434; x_wconf 93' lang='lat' dir='ltr'>et</span> <span class='ocrx_word' id='word_1_240' title='bbox 891 3370 1066 3448; x_wconf 84' lang='lat' dir='ltr'>dileximus,</span> <span class='ocrx_word' id='word_1_241' title='bbox 1081 3390 1162 3433; x_wconf 89' lang='lat' dir='ltr'>nune</span> <span class='ocrx_word' id='word_1_242' title='bbox 1179 3390 1251 3434; x_wconf 83' lang='lat' dir='ltr'>vero</span> <span class='ocrx_word' id='word_1_243' title='bbox 1263 3378 1316 3435; x_wconf 90' lang='lat' dir='ltr'>tua</span> <span class='ocrx_word' id='word_1_244' title='bbox 1333 3375 1382 3436; x_wconf 89' lang='lat' dir='ltr'>hic</span> 
     </span>
     <span class='ocr_line' id='line_1_30' title="bbox 229 3466 1382 3553; baseline 0.002 -24"><span class='ocrx_word' id='word_1_245' title='bbox 229 3470 311 3549; x_wconf 91' lang='lat' dir='ltr'>apud</span> <span class='ocrx_word' id='word_1_246' title='bbox 324 3471 385 3531; x_wconf 89' lang='lat' dir='ltr'>Nos</span> <span class='ocrx_word' id='word_1_247' title='bbox 398 3476 591 3553; x_wconf 82' lang='lat' dir='ltr'>peragentem</span> <span class='ocrx_word' id='word_1_248' title='bbox 603 3469 724 3551; x_wconf 90' lang='lat' dir='ltr'>negotia</span> <span class='ocrx_word' id='word_1_249' title='bbox 735 3474 820 3530; x_wconf 88' lang='lat' dir='ltr'>tanto</span> <span class='ocrx_word' id='word_1_250' title='bbox 833 3468 926 3530; x_wconf 89' lang='lat' dir='ltr'>etiam</span> <span class='ocrx_word' id='word_1_251' title='bbox 943 3466 1084 3531; x_wconf 87' lang='lat' dir='ltr'>libentius</span> <span class='ocrx_word' id='word_1_252' title='bbox 1096 3468 1280 3550; x_wconf 81' lang='lat' dir='ltr'>excipiemus</span> <span class='ocrx_word' id='word_1_253' title='bbox 1298 3469 1382 3531; x_wconf 89' lang='lat' dir='ltr'>sem-</span> 
     </span>
     <span class='ocr_line' id='line_1_31' title="bbox 227 3555 1381 3648; baseline 0.001 -22"><span class='ocrx_word' id='word_1_254' title='bbox 227 3584 281 3646; x_wconf 93' lang='lat' dir='ltr'>per</span> <span class='ocrx_word' id='word_1_255' title='bbox 304 3555 334 3627; x_wconf 83' lang='lat' dir='ltr'>et¹</span> <span class='ocrx_word' id='word_1_256' title='bbox 355 3567 522 3646; x_wconf 88' lang='lat' dir='ltr'>audiemus,</span> <span class='ocrx_word' id='word_1_257' title='bbox 548 3574 663 3648; x_wconf 88' lang='lat' dir='ltr'>quanto</span> <span class='ocrx_word' id='word_1_258' title='bbox 681 3562 838 3647; x_wconf 88' lang='lat' dir='ltr'>nunquam</span> <span class='ocrx_word' id='word_1_259' title='bbox 862 3584 881 3626; x_wconf 88' lang='lat' dir='ltr'>a</span> <span class='ocrx_word' id='word_1_260' title='bbox 902 3572 948 3643; x_wconf 91' lang='lat' dir='ltr'>te,</span> <span class='ocrx_word' id='word_1_261' title='bbox 973 3567 1030 3629; x_wconf 88' lang='lat' dir='ltr'>nisi</span> <span class='ocrx_word' id='word_1_262' title='bbox 1050 3567 1133 3646; x_wconf 91' lang='lat' dir='ltr'>quod</span> <span class='ocrx_word' id='word_1_263' title='bbox 1151 3574 1204 3628; x_wconf 88' lang='lat' dir='ltr'>tua</span> <span class='ocrx_word' id='word_1_264' title='bbox 1225 3567 1381 3628; x_wconf 87' lang='lat' dir='ltr'>nobilitate</span> 
     </span>
     <span class='ocr_line' id='line_1_32' title="bbox 226 3661 1377 3744; baseline 0.002 -21"><span class='ocrx_word' id='word_1_265' title='bbox 226 3662 398 3744; x_wconf 89' lang='lat' dir='ltr'>pietateque</span> <span class='ocrx_word' id='word_1_266' title='bbox 412 3662 443 3724; x_wconf 92' lang='lat' dir='ltr'>in</span> <span class='ocrx_word' id='word_1_267' title='bbox 456 3669 592 3726; x_wconf 90' lang='lat' dir='ltr'>sanctam</span> <span class='ocrx_word' id='word_1_268' title='bbox 600 3662 679 3727; x_wconf 89' lang='lat' dir='ltr'>hanc</span> <span class='ocrx_word' id='word_1_269' title='bbox 690 3663 799 3726; x_wconf 77' lang='lat' dir='ltr'>Sedena</span> <span class='ocrx_word' id='word_1_270' title='bbox 807 3661 932 3742; x_wconf 85' lang='lat' dir='ltr'>dignum</span> <span class='ocrx_word' id='word_1_271' title='bbox 949 3661 999 3740; x_wconf 91' lang='lat' dir='ltr'>sit,</span> <span class='ocrx_word' id='word_1_272' title='bbox 1014 3663 1176 3725; x_wconf 86' lang='lat' dir='ltr'>allaturum</span> <span class='ocrx_word' id='word_1_273' title='bbox 1187 3663 1377 3726; x_wconf 87' lang='lat' dir='ltr'>confidimus.</span> 
     </span>
     <span class='ocr_line' id='line_1_33' title="bbox 224 3757 1379 3847; baseline 0 -25"><span class='ocrx_word' id='word_1_274' title='bbox 224 3762 291 3835; x_wconf 85' lang='lat' dir='ltr'>Qua</span> <span class='ocrx_word' id='word_1_275' title='bbox 305 3760 376 3823; x_wconf 88' lang='lat' dir='ltr'>vero</span> <span class='ocrx_word' id='word_1_276' title='bbox 388 3767 514 3847; x_wconf 87' lang='lat' dir='ltr'>paterna</span> <span class='ocrx_word' id='word_1_277' title='bbox 525 3758 587 3824; x_wconf 90' lang='lat' dir='ltr'>Nos</span> <span class='ocrx_word' id='word_1_278' title='bbox 596 3761 833 3844; x_wconf 81' lang='lat' dir='ltr'>respondeamus</span> <span class='ocrx_word' id='word_1_279' title='bbox 842 3757 979 3838; x_wconf 87' lang='lat' dir='ltr'>caritate,</span> <span class='ocrx_word' id='word_1_280' title='bbox 990 3777 1145 3840; x_wconf 90' lang='lat' dir='ltr'>quamque</span> <span class='ocrx_word' id='word_1_281' title='bbox 1152 3760 1379 3823; x_wconf 86' lang='lat' dir='ltr'>iuelitaeDomui</span> 
     </span>
     <span class='ocr_line' id='line_1_34' title="bbox 224 3854 1378 3940; baseline 0.003 -23"><span class='ocrx_word' id='word_1_282' title='bbox 224 3859 298 3920; x_wconf 83' lang='lat' dir='ltr'>Tuae</span> <span class='ocrx_word' id='word_1_283' title='bbox 308 3858 408 3921; x_wconf 84' lang='lat' dir='ltr'>fausta</span> <span class='ocrx_word' id='word_1_284' title='bbox 422 3877 458 3920; x_wconf 92' lang='lat' dir='ltr'>ac</span> <span class='ocrx_word' id='word_1_285' title='bbox 472 3855 571 3921; x_wconf 83' lang='lat' dir='ltr'>felicia</span> <span class='ocrx_word' id='word_1_286' title='bbox 590 3858 692 3921; x_wconf 87' lang='lat' dir='ltr'>omnia</span> <span class='ocrx_word' id='word_1_287' title='bbox 705 3872 863 3940; x_wconf 86' lang='lat' dir='ltr'>precemur</span> <span class='ocrx_word' id='word_1_288' title='bbox 874 3875 893 3918; x_wconf 89' lang='lat' dir='ltr'>a</span> <span class='ocrx_word' id='word_1_289' title='bbox 906 3854 1052 3934; x_wconf 85' lang='lat' dir='ltr'>Domino,</span> <span class='ocrx_word' id='word_1_290' title='bbox 1065 3856 1130 3938; x_wconf 89' lang='lat' dir='ltr'>ipse</span> <span class='ocrx_word' id='word_1_291' title='bbox 1144 3857 1249 3920; x_wconf 88' lang='lat' dir='ltr'>itidem</span> <span class='ocrx_word' id='word_1_292' title='bbox 1254 3858 1312 3919; x_wconf 50' lang='lat' dir='ltr'>¹tibi</span> <span class='ocrx_word' id='word_1_293' title='bbox 1322 3877 1378 3938; x_wconf 92' lang='lat' dir='ltr'>pro</span> 
     </span>
     <span class='ocr_line' id='line_1_35' title="bbox 222 3952 1378 4062; baseline 0.001 -46"><span class='ocrx_word' id='word_1_294' title='bbox 222 3974 279 4017; x_wconf 89' lang='lat' dir='ltr'>sua</span> <span class='ocrx_word' id='word_1_295' title='bbox 289 3954 348 4020; x_wconf 89' lang='lat' dir='ltr'>fide</span> <span class='ocrx_word' id='word_1_296' title='bbox 356 3976 392 4020; x_wconf 87' lang='lat' dir='ltr'>ac</span> <span class='ocrx_word' id='word_1_297' title='bbox 403 3957 557 4038; x_wconf 80' lang='lat' dir='ltr'>diligentia</span> <span class='ocrx_word' id='word_1_298' title='bbox 565 3955 772 4033; x_wconf 75' lang='lat' dir='ltr'>confirmabit,</span> <span class='ocrx_word' id='word_1_299' title='bbox 782 3973 850 4062; x_wconf 32' lang='lat' dir='ltr'>quoa</span> <span class='ocrx_word' id='word_1_300' title='bbox 856 3973 911 4017; x_wconf 88' lang='lat' dir='ltr'>suo</span> <span class='ocrx_word' id='word_1_301' title='bbox 925 3952 1026 4015; x_wconf 87' lang='lat' dir='ltr'>officio</span> <span class='ocrx_word' id='word_1_302' title='bbox 1037 3955 1184 4034; x_wconf 83' lang='lat' dir='ltr'>majorem</span> <span class='ocrx_word' id='word_1_303' title='bbox 1192 3955 1285 4017; x_wconf 89' lang='lat' dir='ltr'>etiam</span> <span class='ocrx_word' id='word_1_304' title='bbox 1296 3957 1378 4038; x_wconf 87' lang='lat' dir='ltr'>apud</span> 
     </span>
     <span class='ocr_line' id='line_1_36' title="bbox 222 4052 1376 4136; baseline 0.003 -23"><span class='ocrx_word' id='word_1_305' title='bbox 222 4053 285 4114; x_wconf 92' lang='lat' dir='ltr'>Nos</span> <span class='ocrx_word' id='word_1_306' title='bbox 302 4053 360 4116; x_wconf 87' lang='lat' dir='ltr'>erit</span> <span class='ocrx_word' id='word_1_307' title='bbox 370 4054 499 4116; x_wconf 88' lang='lat' dir='ltr'>initurus</span> <span class='ocrx_word' id='word_1_308' title='bbox 515 4060 582 4136; x_wconf 90' lang='lat' dir='ltr'>grat</span> <span class='ocrx_word' id='word_1_309' title='bbox 583 4054 655 4117; x_wconf 91' lang='lat' dir='ltr'>iam.</span> <span class='ocrx_word' id='word_1_310' title='bbox 670 4054 745 4116; x_wconf 85' lang='lat' dir='ltr'>Ab</span> <span class='ocrx_word' id='word_1_311' title='bbox 737 4073 804 4136; x_wconf 88' lang='lat' dir='ltr'>rpso</span> <span class='ocrx_word' id='word_1_312' title='bbox 822 4063 946 4136; x_wconf 86' lang='lat' dir='ltr'>quoque</span> <span class='ocrx_word' id='word_1_313' title='bbox 963 4053 1119 4133; x_wconf 86' lang='lat' dir='ltr'>intelliges,</span> <span class='ocrx_word' id='word_1_314' title='bbox 1139 4054 1212 4135; x_wconf 89' lang='lat' dir='ltr'>quid</span> <span class='ocrx_word' id='word_1_315' title='bbox 1226 4052 1376 4134; x_wconf 86' lang='lat' dir='ltr'>agendum</span> 
     </span>
     <span class='ocr_line' id='line_1_37' title="bbox 221 4148 1374 4243; baseline -0.002 -26"><span class='ocrx_word' id='word_1_316' title='bbox 221 4150 315 4217; x_wconf 89' lang='lat' dir='ltr'>Nobis</span> <span class='ocrx_word' id='word_1_317' title='bbox 333 4159 412 4230; x_wconf 85' lang='lat' dir='ltr'>esse,</span> <span class='ocrx_word' id='word_1_318' title='bbox 434 4151 548 4233; x_wconf 91' lang='lat' dir='ltr'>tibique</span> <span class='ocrx_word' id='word_1_319' title='bbox 568 4148 740 4243; x_wconf 83' lang='lat' dir='ltr'>judicemus</span> <span class='ocrx_word' id='word_1_320' title='bbox 758 4152 796 4213; x_wconf 91' lang='lat' dir='ltr'>de</span> <span class='ocrx_word' id='word_1_321' title='bbox 815 4151 878 4228; x_wconf 92' lang='lat' dir='ltr'>his,</span> <span class='ocrx_word' id='word_1_322' title='bbox 895 4169 976 4232; x_wconf 82' lang='lat' dir='ltr'>quae</span> <span class='ocrx_word' id='word_1_323' title='bbox 986 4150 1023 4212; x_wconf 84' lang='grc' dir='ltr'>ιιι</span> <span class='ocrx_word' id='word_1_324' title='bbox 1048 4153 1118 4214; x_wconf 87' lang='lat' dir='ltr'>Nos</span> <span class='ocrx_word' id='word_1_325' title='bbox 1113 4169 1194 4232; x_wconf 81' lang='lat' dir='ltr'>per</span> <span class='ocrx_word' id='word_1_326' title='bbox 1199 4152 1299 4231; x_wconf 86' lang='lat' dir='ltr'>ipsum</span> <span class='ocrx_word' id='word_1_327' title='bbox 1318 4172 1374 4234; x_wconf 90' lang='lat' dir='ltr'>pro</span> 
     </span>
     <span class='ocr_line' id='line_1_38' title="bbox 219 4239 1373 4337; baseline 0.005 -29"><span class='ocrx_word' id='word_1_328' title='bbox 219 4249 275 4310; x_wconf 90' lang='lat' dir='ltr'>tuo</span> <span class='ocrx_word' id='word_1_329' title='bbox 293 4248 444 4330; x_wconf 88' lang='lat' dir='ltr'>religionis</span> <span class='ocrx_word' id='word_1_330' title='bbox 458 4250 558 4314; x_wconf 88' lang='lat' dir='ltr'>studio</span> <span class='ocrx_word' id='word_1_331' title='bbox 584 4239 809 4315; x_wconf 83' lang='lat' dir='ltr'>accuratissime</span> <span class='ocrx_word' id='word_1_332' title='bbox 823 4247 984 4337; x_wconf 86' lang='lat' dir='ltr'>deserenda</span> <span class='ocrx_word' id='word_1_333' title='bbox 997 4251 1120 4313; x_wconf 81' lang='lat' dir='ltr'>curasti.</span> <span class='ocrx_word' id='word_1_334' title='bbox 1136 4249 1322 4330; x_wconf 86' lang='lat' dir='ltr'>Acplurima</span> <span class='ocrx_word' id='word_1_335' title='bbox 1343 4259 1373 4314; x_wconf 89' lang='lat' dir='ltr'>te</span> 
     </span>
     <span class='ocr_line' id='line_1_39' title="bbox 219 4331 1372 4431; baseline 0.003 -24"><span class='ocrx_word' id='word_1_336' title='bbox 219 4353 348 4426; x_wconf 87' lang='lat' dir='ltr'>paterna</span> <span class='ocrx_word' id='word_1_337' title='bbox 358 4356 574 4431; x_wconf 85' lang='lat' dir='ltr'>prosequentes</span> <span class='ocrx_word' id='word_1_338' title='bbox 589 4342 798 4423; x_wconf 71' lang='lat' dir='ltr'>benevolentia</span> <span class='ocrx_word' id='word_1_339' title='bbox 808 4331 1005 4430; x_wconf 71' lang='lat' dir='ltr'>apostolieum</span> <span class='ocrx_word' id='word_1_340' title='bbox 1021 4342 1264 4411; x_wconf 84' lang='lat' dir='ltr'>benedictionem</span> <span class='ocrx_word' id='word_1_341' title='bbox 1275 4349 1372 4410; x_wconf 89' lang='lat' dir='ltr'>Nobi-</span> 
     </span>
    </p>
   </div>
   <div class='ocr_carea' id='block_1_8' title="bbox 218 4441 1370 4625">
    <p class='ocr_par' dir='ltr' id='par_1_12' title="bbox 218 4441 1370 4625">
     <span class='ocr_line' id='line_1_40' title="bbox 218 4441 1370 4531; baseline 0.006 -28"><span class='ocrx_word' id='word_1_342' title='bbox 218 4441 295 4506; x_wconf 84' lang='lat' dir='ltr'>litati</span> <span class='ocrx_word' id='word_1_343' title='bbox 312 4451 373 4507; x_wconf 76' lang='lat' dir='ltr'>tue</span> <span class='ocrx_word' id='word_1_344' title='bbox 388 4453 580 4527; x_wconf 85' lang='lat' dir='ltr'>peramanter</span> <span class='ocrx_word' id='word_1_345' title='bbox 591 4446 790 4531; x_wconf 86' lang='lat' dir='ltr'>impertimur.</span> <span class='ocrx_word' id='word_1_346' title='bbox 806 4450 918 4509; x_wconf 78' lang='lat' dir='ltr'>Dotem</span> <span class='ocrx_word' id='word_1_347' title='bbox 931 4448 1043 4520; x_wconf 81' lang='lat' dir='ltr'>Rome,</span> <span class='ocrx_word' id='word_1_348' title='bbox 1056 4454 1127 4521; x_wconf 78' lang='lat' dir='ltr'>eta,</span> <span class='ocrx_word' id='word_1_349' title='bbox 1139 4447 1174 4506; x_wconf 84' lang='lat' dir='ltr'>dt</span> <span class='ocrx_word' id='word_1_350' title='bbox 1161 4450 1189 4508; x_wconf 80' lang='lat' dir='ltr'>te</span> <span class='ocrx_word' id='word_1_351' title='bbox 1201 4445 1242 4507; x_wconf 77' lang='lat'>28</span> <span class='ocrx_word' id='word_1_352' title='bbox 1250 4465 1370 4510; x_wconf 75' lang='lat' dir='ltr'>novem-</span> 
     </span>
     <span class='ocr_line' id='line_1_41' title="bbox 220 4544 1299 4625; baseline 0.009 -24"><span class='ocrx_word' id='word_1_353' title='bbox 220 4544 283 4603; x_wconf 75' lang='lat' dir='ltr'>bris</span> <span class='ocrx_word' id='word_1_354' title='bbox 301 4557 393 4623; x_wconf 78' lang='lat'>1770,</span> <span class='ocrx_word' id='word_1_355' title='bbox 404 4546 595 4625; x_wconf 77' lang='lat' dir='ltr'>pontificatus</span> <span class='ocrx_word' id='word_1_356' title='bbox 610 4555 705 4610; x_wconf 75' lang='lat' dir='ltr'>riustri</span> <span class='ocrx_word' id='word_1_357' title='bbox 713 4565 792 4608; x_wconf 83' lang='lat' dir='ltr'>anno</span> <span class='ocrx_word' id='word_1_358' title='bbox 803 4547 942 4609; x_wconf 80' lang='lat' dir='ltr'>secundo.</span> <span class='ocrx_word' id='word_1_359' title='bbox 1297 4571 1299 4578; x_wconf 62' lang='lat'><strong><em>¹</em></strong></span> 
     </span>
    </p>
   </div>
   <div class='ocr_carea' id='block_1_9' title="bbox 1150 4592 1259 4680">
    <p class='ocr_par' dir='ltr' id='par_1_13' title="bbox 1150 4592 1259 4680">
     <span class='ocr_line' id='line_1_42' title="bbox 1150 4592 1259 4680; baseline -0.009 0"><span class='ocrx_word' id='word_1_360' title='bbox 1150 4592 1259 4680; x_wconf 44' lang='lat' dir='ltr'>&#39;a</span> 
     </span>
    </p>
   </div>
   <div class='ocr_carea' id='block_1_10' title="bbox 0 0 1598 5414">
    <p class='ocr_par' dir='ltr' id='par_1_14' title="bbox 0 0 1598 5414">
     <span class='ocr_line' id='line_1_43' title="bbox 0 0 1598 5414; baseline 0 13"><span class='ocrx_word' id='word_1_361' title='bbox 0 0 1598 5414; x_wconf 95' lang='lat' dir='ltr'> </span> 
     </span>
    </p>
   </div>
  </div>
 </body>
</html>
