3188 5414
467 518 653 571 aristote]
673 514 716 570 ET
735 517 867 570 BREVld
887 515 1121 570 sarmentum·
1320 519 1370 567 tta

221 617 383 698 Nomium,
399 618 451 701 qiri
463 622 543 682 vices
559 627 678 682 nostras
692 625 828 700 peragat,
843 637 973 698 eumque
989 603 1098 679 nostris
1117 617 1146 677 in
1162 616 1259 677 sonna
1271 619 1372 678 Brevis

223 722 318 783 literis
331 720 500 801 specialiter
514 719 634 791 adhoc
655 718 801 799 deputare
821 735 855 778 ac
873 715 1023 776 destinare
1035 713 1201 789 voluimus,
1224 713 1372 791 quemad-

219 817 346 880 modum
369 823 459 879 antea
478 816 621 893 fecimus,
642 834 713 877 cum
726 814 824 877 eidem
845 813 876 875 in
892 825 984 875 saera
1005 810 1169 874 vestitionis
1189 811 1374 883 ceremoniis

220 914 364 996 iungendi
379 914 489 976 nostris
502 912 640 994 partibus
658 929 769 974 munus
782 910 1009 971 mandaremus.
1026 909 1112 982 Quod
1130 907 1218 987 igitur
1230 907 1388 986 acceptis·'

224 1011 336 1072 simum
351 1010 500 1090 Majestati
513 1012 586 1071 Tuae
602 1017 675 1071 tunc
687 1008 779 1070 luisse
796 1007 926 1084 scimus,
941 1006 1028 1068 facile
1048 1005 1142 1067 Nobis
1157 1003 1373 1085 persuademus

222 1107 253 1168 id
268 1107 452 1169 nuncetiam
462 1107 560 1167 multo
571 1105 667 1185 magis
677 1112 798 1184 gratum
808 1104 882 1180 fore,
895 1121 966 1164 cum
982 1103 1011 1164 in
1022 1103 1080 1163 bac
1089 1109 1152 1163 tam
1162 1100 1262 1161 eximii
1274 1100 1374 1180 operis

218 1205 404 1285 perfectione
419 1202 538 1266 virt'utis
560 1223 595 1264 ac
614 1203 782 1265 sanctitatis
793 1202 909 1283 specics
925 1200 1027 1262 futura
1041 1200 1079 1260 sit
1102 1198 1277 1260 absolutior.
1297 1198 1324 1259 A
1345 1204 1374 1258 te

221 1302 313 1382 igitur
327 1302 520 1362 vehementer
538 1300 670 1381 petimus
684 1307 718 1361 ut
731 1296 812 1361 hanc
828 1298 879 1379 pie
892 1304 983 1377 atque
1002 1303 1150 1371 amanter,
1165 1301 1198 1356 ut
1211 1294 1304 1370 soles,
1318 1313 1376 1354 ex-

219 1401 314 1481 cipias
325 1400 513 1461 voluntatem
527 1404 679 1474 nostram,
692 1414 789 1477 eoque
807 1401 898 1476 pacto
913 1394 968 1455 des
981 1411 1117 1474 operam,
1132 1398 1167 1452 ul
1181 1391 1211 1452 in
1223 1392 1375 1472 bacpartc

224 1498 386 1559 minimum
399 1497 436 1559 de
451 1502 556 1558 nostra
570 1494 761 1574 jucunditate
771 1512 826 1576 per
842 1492 1008 1554 absentiam
1019 1491 1189 1552 detractum
1203 1508 1269 1551 esse
1282 1509 1376 1570 expe-

224 1599 350 1675 riamur,
367 1617 402 1659 ac
425 1595 544 1659 abunde
564 1615 619 1677 per
633 1603 662 1658 te
683 1595 870 1657 satisfactum
892 1593 1027 1653 laetemur
1049 1589 1174 1669 egregiae
1192 1607 1228 1649 ac
1251 1606 1401 1649 summae·

224 1695 342 1756 caritati
366 1712 428 1774 qua
456 1700 486 1755 te
508 1699 653 1772 tuamque
679 1690 804 1770 Regiam
829 1692 960 1750 Domum
985 1684 1209 1766 prosequimur,
1236 1682 1266 1742 in
1289 1683 1377 1760 cujus

222 1789 350 1853 uberius
364 1795 576 1868 argumentum
595 1787 793 1868 apostolicam
807 1781 1047 1845 benedictionem
1066 1778 1377 1851 caelestiumomnium

223 1884 472 1949 benedictionum
498 1883 652 1965 auspicem
682 1879 832 1959 lllajestati
855 1881 944 1955 Tuae,
965 1878 1084 1958 tuisque
1107 1878 1249 1939 omnibus
1279 1875 1378 1955 Regiis

224 1984 341 2047 Liberis
352 1983 461 2044 intimo
478 1981 597 2062 paterni
608 1980 708 2042 cordis
720 1996 809 2040 sensu
821 1976 1026 2038 amantissime
1047 1975 1247 2056 impertimur.
1263 1976 1377 2035 Datum

224 2080 338 2151 Remea,
353 2088 423 2151 etc,
436 2080 485 2140 die
501 2088 536 2138 tl
550 2081 672 2156 augusti
686 2087 774 2151 1771,
787 2076 983 2152 pontificatus
1001 2078 1099 2133 nostri
1109 2091 1189 2133 aneo
1210 2076 1308 2134 tertio.

747 2307 855 2378 CLIII.

682 2467 814 2510 nlnacro
836 2466 924 2508 ululo

471 2573 613 2637 JOANNI
635 2573 867 2635 GODEFREDO
887 2566 1124 2643 KAUFMANN,

397 2687 591 2739 uacurrarrs
607 2689 820 2738 ruaotocrcm
836 2686 1041 2738 carcamusas
1057 2686 1200 2745 bucano,

538 2794 773 2872 CLElllENS
799 2794 929 2870 Para
956 2791 1064 2868 XIV.

990 2941 1085 2997 Roman,
1101 2909 1127 2986 ti
1139 2938 1232 2998 augusti
1248 2942 1317 2988 1771.

267 3041 399 3114 Dilecta,
411 3051 470 3105 ete.
485 3037 688 3103 Vehementer
694 3038 861 3121 gaudemus
870 3049 902 3104 et
909 3043 1041 3124 primam
1050 3041 1213 3104 editionem
1226 3043 1379 3123 Apologe-

222 3139 276 3202 tici
290 3146 396 3202 contra
412 3139 596 3201 Febronium
613 3138 657 3201 tui
671 3139 832 3220 probatam
842 3141 963 3222 publice
976 3140 1085 3218 fuisse,
1097 3159 1133 3202 ac
1149 3138 1237 3203 iacile
1249 3140 1380 3203 distrac-

224 3249 308 3318 tam,
322 3246 353 3301 et
366 3258 447 3301 nunc
467 3240 596 3301 alterum
611 3255 629 3300 a
642 3245 673 3299 te
695 3237 933 3302 emendatiorem
953 3245 1044 3320 atque
1062 3238 1228 3301 auctiorem
1241 3247 1378 3301 curatam

228 3356 304 3398 esse.
327 3333 400 3415 Ejus
421 3336 595 3417 exemplum
619 3352 638 3395 a
660 3339 690 3394 te
713 3331 806 3394 Nobis
828 3335 1037 3398 transmissum
1062 3354 1099 3398 eo
1121 3337 1182 3398 Nos
1203 3336 1378 3417 excepimus

228 3432 409 3512 animo,quo
419 3432 590 3492 tumaxime
600 3428 687 3491 velis:
698 3429 860 3493 Pontificio
869 3431 1059 3514 sciliceterga
1069 3439 1099 3495 te
1109 3432 1332 3512 benevolentiae,
1343 3453 1379 3494 ac

230 3527 459 3589 existimationis
469 3527 655 3608 plenissimo.
669 3527 837 3589 Probamus
851 3548 937 3609 sane,
955 3531 1064 3593 dilecte
1082 3531 1141 3608 sili,
1158 3549 1194 3591 ac
1213 3531 1378 3612 plurimum

231 3624 481 3686 commendamus
495 3631 547 3686 tua
561 3625 627 3686 haec
648 3623 766 3702 studia,
787 3644 855 3705 quae
871 3634 957 3690 tanta
976 3647 1047 3691 cum
1064 3627 1175 3708 pietate
1190 3647 1226 3690 ac
1242 3628 1379 3689 doctrina

223 3723 387 3784 intuendis
398 3724 577 3804 apostolica
584 3724 669 3786 Sedis
674 3724 793 3804 juribus
803 3724 963 3806 impendis,
973 3733 1063 3808 atque
1074 3727 1166 3788 etiam
1175 3727 1377 3802 tehortamur,

224 3828 258 3881 ut
272 3818 408 3900 quotidie
418 3819 586 3880 exorientes
595 3819 798 3900 bootempore
809 3819 841 3881 in
850 3821 984 3885 Ecclesia
993 3822 1140 3900 ejusmodi
1150 3822 1297 3885 novitates
1306 3840 1379 3903 per-

227 3938 281 3997 gas
295 3919 450 3995 audacter,
463 3923 497 3978 ut
511 3919 577 3998 jam
595 3923 625 3978 te
645 3917 813 3997 facturum,
834 3921 896 3989 Deo
908 3919 1033 3998 juvante
1044 3919 1194 4000 polliceris
1204 3965 1212 3995 ,
1225 3918 1376 3980 insectari.
1410 3939 1412 3945 ’

227 4018 340 4078 Praeter
352 4016 433 4079 euim
449 4034 543 4097 qnam
554 4015 637 4097 quod
650 4016 797 4095 optimam
814 4034 938 4077 causam
946 4033 1156 4098 propugnare,
1173 4036 1208 4078 ac
1227 4033 1283 4096 pro
1297 4015 1378 4076 veri-

224 4120 294 4174 tate
309 4114 463 4175 decertare
485 4113 620 4175 maxima
631 4126 749 4194 semper
761 4113 791 4174 in
802 4113 892 4175 laude
904 4114 1038 4194 positum
1055 4113 1130 4192 tuit,
1152 4110 1274 4193 augebis
1285 4113 1377 4175 etiam

227 4212 375 4289 majorem
389 4212 420 4272 in
432 4210 560 4272 modum
571 4211 678 4272 merita
687 4211 726 4273 de
737 4211 830 4273 Nobis
841 4216 906 4288 tua,
917 4216 1007 4291 atque
1016 4210 1109 4288 illam,
1120 4229 1213 4290 quam
1222 4209 1377 4271 deSanota

227 4309 286 4368 bac
304 4306 379 4368 Sede
393 4307 534 4386 preclare
549 4308 614 4387 J'am
634 4307 733 4384 inisti,
755 4325 827 4385 erga
847 4312 877 4366 te
896 4309 1024 4386 gratiam
1044 4306 1224 4369 cumulabis.
1251 4306 1374 4367 interim

226 4404 436 4485 paratissimos
450 4423 506 4485 pro
520 4405 745 4486 opportunitate
765 4404 830 4464 fore
850 4422 956 4467 omnes
973 4411 1083 4466 nostrae
1102 4422 1173 4483 erga
1197 4410 1226 4465 te
1244 4410 1376 4485 paternae
1416 4424 1424 4431 -

224 4501 358 4564 caritatis
381 4502 496 4566 tructus
518 4511 551 4566 ut
565 4504 619 4565 tibi
633 4503 730 4585 magis
751 4502 1160 4584 persuadeas,certissimum
1177 4504 1255 4568 babo
1267 4507 1376 4587 pignus
1403 4578 1407 4588 Ι
