3188 5414
604 455 838 541 'boemicum
859 484 981 538 vaarr.
1318 491 1370 541 40³

225 593 288 649 stra
299 586 337 648 de
346 605 406 649 non
416 586 547 649 tollendo
553 589 622 666 jure
632 588 770 668 quasito,
781 607 836 651 nec
848 607 908 650 uon
923 587 1088 669 sepedicta
1100 588 1268 665 Societatis,
1280 590 1371 661 illius·

224 703 283 764 que
295 686 460 745 Domorum
468 729 476 761 ,
490 684 705 764 Collegiorum,
719 702 755 745 ac
766 683 966 747 Ecclesiarum
979 683 1070 745 etiam
1084 683 1272 762 juramento,
1295 687 1370 747 Con-

224 781 392 842 llrmatione
404 780 594 862 apostolica,
608 781 654 843 vel
667 780 773 860 quavis
785 779 927 845 firmitate
942 779 1016 841 alias
1026 779 1176 841 roboratis
1188 781 1324 857 statutis,
1340 790 1370 842 et

224 877 505 951 consuetudinibus,
527 877 686 958 privilegiis
704 895 825 956 quoque
846 876 984 953 indultis,
1005 885 1035 937 et
1056 877 1174 943 Litteris
1189 879 1370 958 Apostolicis

223 973 319 1036 eidem
334 961 474 1036 Societati
485 1020 493 1051 ,
504 974 639 1054 illiusque
652 971 1045 1052 Superioribus,religi0sis‚
1058 979 1088 1033 et
1102 973 1236 1052 personis
1248 974 1370 1054 quibus-

222 1070 293 1135 libet
308 1072 364 1133 sub
375 1071 530 1151 quibusvis
539 1069 712 1143 tenoribus,
722 1075 753 1128 et
761 1068 867 1129 formis
875 1113 884 1144 ,
894 1086 929 1129 ae
939 1085 1010 1129 oum
1021 1067 1177 1151 quibusvis
1185 1069 1275 1134 etiam
1284 1070 1371 1137 dero-

221 1171 407 1248 gatoriarum
426 1169 639 1248 derogatorlis.
661 1168 785 1248 aliisque
806 1167 939 1249 decretis
949 1168 1041 1229 etiam
1060 1167 1264 1246 irritantibus,
1278 1165 1369 1236 etiam

221 1275 307 1329 motu
319 1267 424 1343 simili,
436 1267 528 1328 etiam
543 1265 799 1343 consistorialiter,
816 1284 852 1327 ac
865 1264 938 1326 alias
951 1264 1180 1346 quomodolibet
1197 1267 1368 1341 concessis,

221 1364 422 1439 confirmatis,
436 1370 466 1424 et
477 1363 634 1426 innovatis.
646 1363 759 1438 Quibus
771 1363 911 1426 omnibus
923 1348 954 1423 el
963 1361 1097 1441 singulis,
1110 1361 1225 1426 etiamsi
1240 1381 1296 1442 pro
1306 1363 1370 1424 illo-

221 1478 289 1523 rum
302 1460 460 1525 sufficienti
475 1462 670 1540 derogatione
685 1461 722 1523 de
738 1462 804 1539 illis,
816 1479 982 1543 eorumque
997 1460 1068 1521 totis
1086 1460 1240 1522 tenoribus
1257 1462 1370 1541 specia-

221 1556 256 1617 lis
273 1575 429 1637 expressa,
444 1566 474 1619 et
495 1557 664 1636 individua,
685 1578 720 1620 ac
742 1559 779 1621 de
799 1559 891 1620 verbo
906 1558 944 1619 ad
959 1558 1101 1634 verbum,
1125 1576 1186 1619 uon
1200 1564 1302 1620 autem
1317 1579 1369 1640 per

220 1653 367 1714 clausulas
379 1655 533 1733 generales
545 1655 626 1717 idem
637 1656 834 1736 importantes
845 1655 975 1728 mentio,
988 1673 1042 1716 seu
1052 1655 1164 1739 quaevis
1179 1655 1239 1720 alia
1249 1675 1369 1736 expres-

220 1752 265 1817 sio
279 1752 435 1829 babenda,
449 1759 501 1814 aut
517 1754 617 1834 aliqua
635 1755 692 1815 alia
712 1753 860 1833 exquisita
874 1752 971 1814 lorma
986 1752 1097 1815 adhoc
1115 1754 1367 1831 servandarum,
1477 1780 1480 1784 ·

220 1848 341 1911 illorum
356 1851 509 1928 omnium,
531 1858 561 1913 et
583 1852 769 1930 singulorum
782 1856 918 1928 tenores,
932 1870 968 1912 ac
982 1851 1007 1914 si
1022 1852 1059 1912 dc
1073 1853 1165 1913 verbo
1180 1853 1219 1913 ad
1244 1854 1368 1914 verbum

219 1945 291 2010 nihil
300 1947 418 2026 penitus
428 1947 556 2025 omisso,
567 1956 597 2009 et
608 1947 706 2010 lorma
719 1949 748 2009 in
758 1949 815 2010 illis
826 1949 938 2010 tradita
948 1950 1107 2012 observata
1117 1951 1367 2029 exprimerentur,

218 2051 248 2104 et
259 2044 469 2120 insererentur,
481 2046 677 2124 praesentibus
689 2046 838 2127 proplene
846 2091 855 2122 ,
869 2052 900 2107 et
911 2045 1095 2115 sufficienter
1103 2047 1271 2127 expressis,
1283 2056 1313 2108 et
1324 2049 1369 2109 in-

218 2141 306 2203 sertis
318 2140 478 2217 habentes,
489 2140 547 2201 illis
562 2142 634 2206 alias
644 2141 674 2202 in
688 2160 743 2207 suo
757 2141 866 2203 robore
878 2143 1080 2222 permansuris
1094 2143 1133 2204 ad
1147 2143 1369 2223 premissorum
1434 2208 1440 2223 ,

218 2236 360 2301 effectum
388 2237 566 2316 specialiter,
593 2245 624 2298 et
640 2255 777 2318 expresse
799 2237 996 2316 derogamus,
1012 2239 1186 2319 caterisque
1211 2242 1368 2302 contrariis

219 2337 470 2417 quibuscumque.

258 2447 306 2494 41.
323 2435 470 2497 Volumus
481 2441 598 2512 autem,
613 2441 646 2496 ut
658 2434 849 2514 presentium
863 2434 1030 2496 litterarum
1042 2435 1254 2514 transumptis,
1271 2436 1364 2499 etiam

218 2529 383 2608 impressis,
395 2549 488 2592 mauu
500 2530 626 2609 alicujus
636 2531 749 2594 Notarii
759 2531 871 2611 publici
883 2531 1059 2612 subscriptis
1069 2577 1077 2608 ,
1088 2538 1119 2593 et
1128 2531 1224 2611 sigillo
1239 2532 1363 2612 alicujus

217 2641 351 2701 personae
365 2623 551 2704 indignitate
570 2625 774 2687 ecclesiastica
792 2626 961 2691 constitutae
974 2627 1109 2704 munitis,
1122 2627 1229 2690 eadem
1243 2648 1366 2709 prorsus

217 2719 291 2781 tides
307 2721 336 2786 in
349 2722 481 2798 judicio,
494 2729 620 2783 etextra
633 2720 822 2799 adhibeatur,
837 2741 903 2802 quae
914 2724 1110 2802 presentibus
1123 2724 1195 2803 ipsis
1210 2724 1369 2786 adhibere·

218 2823 277 2891 tur,
293 2817 317 2875 si
331 2816 429 2879 forent
443 2817 595 2893 exhibite,
606 2818 652 2878 vel
664 2825 803 2880 ostensae.

256 2934 369 2993 Datum
384 2935 485 2993 Romu
497 2934 580 3012 apud
589 2935 621 2996 S.
635 2935 764 2993 Mariam
778 2935 922 3012 timorem
933 2935 987 2995 sub
1000 2938 1114 2997 annulo
1126 2938 1304 3012 Piscatoris,
1317 2939 1367 2999 die
1453 2933 1455 2937 ’

222 3041 253 3089 rr
264 3032 340 3106 jallia·
355 3040 440 3106 1773,
449 3033 643 3109 pontificatur
656 3035 843 3093 castriduno
856 3035 972 3110 quinto
984 3020 988 3029 ’

951 3133 968 3163 θ

979 3207 1013 3273 Α,
1032 3204 1124 3265 Canu.
1145 3203 1305 3266 Ninuouus.
