<?xml version="1.0" encoding="UTF-8"?>
<!DOCTYPE html PUBLIC "-//W3C//DTD XHTML 1.0 Transitional//EN"
    "http://www.w3.org/TR/xhtml1/DTD/xhtml1-transitional.dtd">
<html xmlns="http://www.w3.org/1999/xhtml" xml:lang="en" lang="en">
 <head>
  <title>
</title>
<meta http-equiv="Content-Type" content="text/html;charset=utf-8" />
  <meta name='ocr-system' content='tesseract 3.04.00' />
  <meta name='ocr-capabilities' content='ocr_page ocr_carea ocr_par ocr_line ocrx_word'/>
</head>
<body>
  <div class='ocr_page' id='page_1' title='image "./clementisxivpon00clemgoog_0159.png"; bbox 0 0 3188 5414; ppageno 0'>
   <div class='ocr_carea' id='block_1_1' title="bbox 241 475 957 534">
    <p class='ocr_par' dir='ltr' id='par_1_1' title="bbox 241 475 957 534">
     <span class='ocr_line' id='line_1_1' title="bbox 241 475 957 534; baseline -0.011 0"><span class='ocrx_word' id='word_1_1' title='bbox 241 485 292 534; x_wconf 84' lang='lat' dir='ltr'><strong>tas</strong></span> <span class='ocrx_word' id='word_1_2' title='bbox 674 475 876 531; x_wconf 73' lang='lat' dir='ltr'><strong>curmeh&#39;lts</strong></span> <span class='ocrx_word' id='word_1_3' title='bbox 894 475 957 529; x_wconf 85' lang='lat' dir='ltr'><strong>xtv</strong></span> 
     </span>
    </p>
   </div>
   <div class='ocr_carea' id='block_1_2' title="bbox 235 580 1453 1550">
    <p class='ocr_par' dir='ltr' id='par_1_2' title="bbox 235 580 1453 1550">
     <span class='ocr_line' id='line_1_2' title="bbox 238 580 1398 664; baseline -0.003 -17"><span class='ocrx_word' id='word_1_4' title='bbox 238 585 344 647; x_wconf 78' lang='lat' dir='ltr'><strong>Mortis</strong></span> <span class='ocrx_word' id='word_1_5' title='bbox 356 582 556 645; x_wconf 74' lang='lat' dir='ltr'><strong>meditatione</strong></span> <span class='ocrx_word' id='word_1_6' title='bbox 567 580 847 662; x_wconf 85' lang='lat' dir='ltr'><strong>ipsitantummodo</strong></span> <span class='ocrx_word' id='word_1_7' title='bbox 861 580 971 657; x_wconf 78' lang='lat' dir='ltr'><strong>virere,</strong></span> <span class='ocrx_word' id='word_1_8' title='bbox 984 598 1039 641; x_wconf 90' lang='lat' dir='ltr'><strong>seu</strong></span> <span class='ocrx_word' id='word_1_9' title='bbox 1049 580 1150 660; x_wconf 90' lang='lat' dir='ltr'><strong>potius</strong></span> <span class='ocrx_word' id='word_1_10' title='bbox 1164 599 1227 642; x_wconf 90' lang='lat' dir='ltr'><strong>una</strong></span> <span class='ocrx_word' id='word_1_11' title='bbox 1240 599 1316 644; x_wconf 92' lang='lat' dir='ltr'><strong>cum</strong></span> <span class='ocrx_word' id='word_1_12' title='bbox 1329 584 1398 664; x_wconf 84' lang='lat' dir='ltr'><strong>lpse</strong></span> 
     </span>
     <span class='ocr_line' id='line_1_3' title="bbox 238 678 1396 762; baseline -0.001 -17"><span class='ocrx_word' id='word_1_13' title='bbox 238 681 393 762; x_wconf 83' lang='lat' dir='ltr'><strong>cruciligi,</strong></span> <span class='ocrx_word' id='word_1_14' title='bbox 408 688 441 743; x_wconf 92' lang='lat' dir='ltr'><strong>et</strong></span> <span class='ocrx_word' id='word_1_15' title='bbox 457 680 605 743; x_wconf 90' lang='lat' dir='ltr'><strong>commori</strong></span> <span class='ocrx_word' id='word_1_16' title='bbox 619 679 728 761; x_wconf 85' lang='lat' dir='ltr'><strong>possis.</strong></span> <span class='ocrx_word' id='word_1_17' title='bbox 746 681 823 741; x_wconf 80' lang='lat' dir='ltr'><strong>Cum</strong></span> <span class='ocrx_word' id='word_1_18' title='bbox 837 678 937 760; x_wconf 90' lang='lat' dir='ltr'><strong>itaque</strong></span> <span class='ocrx_word' id='word_1_19' title='bbox 946 678 1127 742; x_wconf 76' lang='lat' dir='ltr'><strong>intellexeris</strong></span> <span class='ocrx_word' id='word_1_20' title='bbox 1140 688 1237 760; x_wconf 81' lang='lat' dir='ltr'><strong>nuper</strong></span> <span class='ocrx_word' id='word_1_21' title='bbox 1250 679 1396 744; x_wconf 78' lang='lat' dir='ltr'><strong>sdilseto</strong></span> 
     </span>
     <span class='ocr_line' id='line_1_4' title="bbox 240 774 1397 856; baseline -0.003 -13"><span class='ocrx_word' id='word_1_22' title='bbox 240 781 304 844; x_wconf 82' lang='lat' dir='ltr'><strong>fitia</strong></span> <span class='ocrx_word' id='word_1_23' title='bbox 328 782 422 844; x_wconf 88' lang='lat' dir='ltr'><strong>Paulo</strong></span> <span class='ocrx_word' id='word_1_24' title='bbox 446 781 486 843; x_wconf 93' lang='lat' dir='ltr'><strong>de</strong></span> <span class='ocrx_word' id='word_1_25' title='bbox 504 782 599 842; x_wconf 84' lang='lat' dir='ltr'><strong>Grues</strong></span> <span class='ocrx_word' id='word_1_26' title='bbox 612 777 799 855; x_wconf 90' lang='lat' dir='ltr'><strong>institutum,</strong></span> <span class='ocrx_word' id='word_1_27' title='bbox 817 795 836 838; x_wconf 88' lang='lat' dir='ltr'><strong>a</strong></span> <span class='ocrx_word' id='word_1_28' title='bbox 855 775 1007 856; x_wconf 89' lang='lat' dir='ltr'><strong>Nohisque</strong></span> <span class='ocrx_word' id='word_1_29' title='bbox 1028 774 1194 856; x_wconf 83' lang='lat' dir='ltr'><strong>apostolica</strong></span> <span class='ocrx_word' id='word_1_30' title='bbox 1211 777 1397 840; x_wconf 84' lang='lat' dir='ltr'><strong>auctoritate</strong></span> 
     </span>
     <span class='ocr_line' id='line_1_5' title="bbox 237 873 1396 961; baseline -0.004 -18"><span class='ocrx_word' id='word_1_31' title='bbox 237 881 470 961; x_wconf 85' lang='lat' dir='ltr'><strong>comprabatum</strong></span> <span class='ocrx_word' id='word_1_32' title='bbox 481 897 548 942; x_wconf 87' lang='lat' dir='ltr'><strong>esee</strong></span> <span class='ocrx_word' id='word_1_33' title='bbox 566 876 716 940; x_wconf 84' lang='lat' dir='ltr'><strong>Passionis</strong></span> <span class='ocrx_word' id='word_1_34' title='bbox 723 874 833 938; x_wconf 79' lang='lat' dir='ltr'><strong>Christi</strong></span> <span class='ocrx_word' id='word_1_35' title='bbox 845 879 1054 955; x_wconf 88' lang='lat' dir='ltr'><strong>nuncupatum</strong></span> <span class='ocrx_word' id='word_1_36' title='bbox 1065 873 1219 952; x_wconf 77' lang='lat' dir='ltr'>ordinem,</span> <span class='ocrx_word' id='word_1_37' title='bbox 1231 880 1266 937; x_wconf 89' lang='lat' dir='ltr'><strong>ot</strong></span> <span class='ocrx_word' id='word_1_38' title='bbox 1275 877 1396 938; x_wconf 88' lang='lat' dir='ltr'><strong>consti-</strong></span> 
     </span>
     <span class='ocr_line' id='line_1_6' title="bbox 238 972 1395 1054; baseline -0.003 -13"><span class='ocrx_word' id='word_1_39' title='bbox 238 986 340 1041; x_wconf 88' lang='lat' dir='ltr'><strong>tutum</strong></span> <span class='ocrx_word' id='word_1_40' title='bbox 357 978 449 1041; x_wconf 88' lang='lat' dir='ltr'><strong>etiam</strong></span> <span class='ocrx_word' id='word_1_41' title='bbox 463 976 628 1040; x_wconf 80' lang='lat' dir='ltr'><strong>incivitate</strong></span> <span class='ocrx_word' id='word_1_42' title='bbox 640 981 744 1037; x_wconf 85' lang='lat' dir='ltr'><strong>nostra</strong></span> <span class='ocrx_word' id='word_1_43' title='bbox 756 975 924 1036; x_wconf 85' lang='lat' dir='ltr'><strong>Gornetsnn</strong></span> <span class='ocrx_word' id='word_1_44' title='bbox 938 973 975 1035; x_wconf 90' lang='lat' dir='ltr'><strong>ad</strong></span> <span class='ocrx_word' id='word_1_45' title='bbox 994 972 1130 1051; x_wconf 78' lang='lat' dir='ltr'><strong>eiusdem</strong></span> <span class='ocrx_word' id='word_1_46' title='bbox 1149 972 1232 1052; x_wconf 86' lang='lat' dir='ltr'><strong>leges</strong></span> <span class='ocrx_word' id='word_1_47' title='bbox 1250 992 1309 1054; x_wconf 87' lang='lat' dir='ltr'><strong>pro</strong></span> <span class='ocrx_word' id='word_1_48' title='bbox 1321 990 1395 1037; x_wconf 86' lang='lat' dir='ltr'><strong>mu-</strong></span> 
     </span>
     <span class='ocr_line' id='line_1_7' title="bbox 241 1058 1393 1158; baseline -0.003 -21"><span class='ocrx_word' id='word_1_49' title='bbox 241 1076 364 1138; x_wconf 90' lang='lat' dir='ltr'><strong>lieribus</strong></span> <span class='ocrx_word' id='word_1_50' title='bbox 374 1058 555 1158; x_wconf 80' lang='lat' dir='ltr'><strong>recipiendis</strong></span> <span class='ocrx_word' id='word_1_51' title='bbox 567 1073 800 1153; x_wconf 66' lang='lat' dir='ltr'><strong>nonasterium,</strong></span> <span class='ocrx_word' id='word_1_52' title='bbox 813 1074 884 1137; x_wconf 86' lang='lat' dir='ltr'><strong>illuc</strong></span> <span class='ocrx_word' id='word_1_53' title='bbox 901 1081 1024 1156; x_wconf 74' lang='lat' dir='ltr'><strong>rqtente</strong></span> <span class='ocrx_word' id='word_1_54' title='bbox 1034 1072 1197 1135; x_wconf 85' lang='lat' dir='ltr'><strong>convolare</strong></span> <span class='ocrx_word' id='word_1_55' title='bbox 1207 1072 1275 1150; x_wconf 79' lang='lat' dir='ltr'><strong>jam</strong></span> <span class='ocrx_word' id='word_1_56' title='bbox 1286 1074 1393 1155; x_wconf 86' lang='lat' dir='ltr'><strong>cupis,</strong></span> 
     </span>
     <span class='ocr_line' id='line_1_8' title="bbox 238 1169 1394 1255; baseline 0.001 -21"><span class='ocrx_word' id='word_1_57' title='bbox 238 1171 410 1255; x_wconf 83' lang='lat' dir='ltr'><strong>ibidemque</strong></span> <span class='ocrx_word' id='word_1_58' title='bbox 423 1191 510 1236; x_wconf 85' lang='lat' dir='ltr'><strong>sacro</strong></span> <span class='ocrx_word' id='word_1_59' title='bbox 523 1178 648 1254; x_wconf 84' lang='lat' dir='ltr'><strong>accepto</strong></span> <span class='ocrx_word' id='word_1_60' title='bbox 661 1171 784 1250; x_wconf 88' lang='lat' dir='ltr'><strong>habitu,</strong></span> <span class='ocrx_word' id='word_1_61' title='bbox 798 1179 884 1235; x_wconf 90' lang='lat' dir='ltr'><strong>tuam</strong></span> <span class='ocrx_word' id='word_1_62' title='bbox 895 1172 924 1234; x_wconf 93' lang='lat' dir='ltr'><strong>in</strong></span> <span class='ocrx_word' id='word_1_63' title='bbox 937 1174 1010 1234; x_wconf 80' lang='lat' dir='ltr'><strong>lesu</strong></span> <span class='ocrx_word' id='word_1_64' title='bbox 1024 1169 1246 1233; x_wconf 57' lang='lat' dir='ltr'><strong>maieritum</strong></span> <span class='ocrx_word' id='word_1_65' title='bbox 1259 1171 1394 1235; x_wconf 74' lang='lat' dir='ltr'><strong>abscon·</strong></span> 
     </span>
     <span class='ocr_line' id='line_1_9' title="bbox 238 1270 1453 1354; baseline 0 -20"><span class='ocrx_word' id='word_1_66' title='bbox 238 1273 417 1336; x_wconf 80' lang='lat' dir='ltr'><strong>dere-Petis</strong></span> <span class='ocrx_word' id='word_1_67' title='bbox 430 1274 521 1354; x_wconf 87' lang='lat' dir='ltr'><strong>igitur</strong></span> <span class='ocrx_word' id='word_1_68' title='bbox 532 1292 551 1336; x_wconf 91' lang='lat' dir='ltr'><strong>a</strong></span> <span class='ocrx_word' id='word_1_69' title='bbox 563 1273 673 1352; x_wconf 87' lang='lat' dir='ltr'><strong>Nobis,</strong></span> <span class='ocrx_word' id='word_1_70' title='bbox 688 1281 833 1353; x_wconf 89' lang='lat' dir='ltr'><strong>tanquam</strong></span> <span class='ocrx_word' id='word_1_71' title='bbox 848 1291 867 1334; x_wconf 92' lang='lat' dir='ltr'><strong>a</strong></span> <span class='ocrx_word' id='word_1_72' title='bbox 886 1278 940 1333; x_wconf 91' lang='lat' dir='ltr'><strong>tuo</strong></span> <span class='ocrx_word' id='word_1_73' title='bbox 953 1271 985 1332; x_wconf 94' lang='lat' dir='ltr'><strong>in</strong></span> <span class='ocrx_word' id='word_1_74' title='bbox 1005 1270 1122 1332; x_wconf 83' lang='lat' dir='ltr'><strong>Christo</strong></span> <span class='ocrx_word' id='word_1_75' title='bbox 1133 1270 1279 1348; x_wconf 81' lang='lat' dir='ltr'><strong>Parente,</strong></span> <span class='ocrx_word' id='word_1_76' title='bbox 1293 1279 1329 1332; x_wconf 91' lang='lat' dir='ltr'><strong>ut</strong></span> <span class='ocrx_word' id='word_1_77' title='bbox 1339 1273 1394 1350; x_wconf 79' lang='lat' dir='ltr'><strong>ju-</strong></span> <span class='ocrx_word' id='word_1_78' title='bbox 1450 1287 1453 1291; x_wconf 89' lang='grc'>·</span> 
     </span>
     <span class='ocr_line' id='line_1_10' title="bbox 236 1367 1393 1452; baseline 0 -21"><span class='ocrx_word' id='word_1_79' title='bbox 236 1371 352 1433; x_wconf 81' lang='lat' dir='ltr'><strong>dicium</strong></span> <span class='ocrx_word' id='word_1_80' title='bbox 367 1372 594 1452; x_wconf 87' lang='lat' dir='ltr'><strong>interponamus</strong></span> <span class='ocrx_word' id='word_1_81' title='bbox 606 1377 763 1447; x_wconf 78' lang='lat' dir='ltr'><strong>metrum,</strong></span> <span class='ocrx_word' id='word_1_82' title='bbox 782 1369 873 1451; x_wconf 90' lang='lat' dir='ltr'><strong>idque</strong></span> <span class='ocrx_word' id='word_1_83' title='bbox 885 1385 1000 1430; x_wconf 82' lang='lat' dir='ltr'><strong>novum</strong></span> <span class='ocrx_word' id='word_1_84' title='bbox 1019 1369 1089 1430; x_wconf 81' lang='lat' dir='ltr'><strong>sitae</strong></span> <span class='ocrx_word' id='word_1_85' title='bbox 1102 1367 1276 1429; x_wconf 86' lang='lat' dir='ltr'><strong>institutum</strong></span> <span class='ocrx_word' id='word_1_86' title='bbox 1292 1371 1393 1431; x_wconf 53' lang='lat' dir='ltr'><strong>susci*</strong></span> 
     </span>
     <span class='ocr_line' id='line_1_11' title="bbox 235 1465 1395 1550; baseline 0 -20"><span class='ocrx_word' id='word_1_87' title='bbox 235 1469 337 1550; x_wconf 90' lang='lat' dir='ltr'><strong>piendi</strong></span> <span class='ocrx_word' id='word_1_88' title='bbox 349 1476 530 1550; x_wconf 85' lang='lat' dir='ltr'><strong>potestatem</strong></span> <span class='ocrx_word' id='word_1_89' title='bbox 543 1467 613 1546; x_wconf 91' lang='lat' dir='ltr'><strong>tibi,</strong></span> <span class='ocrx_word' id='word_1_90' title='bbox 625 1469 650 1530; x_wconf 91' lang='lat' dir='ltr'><strong>si</strong></span> <span class='ocrx_word' id='word_1_91' title='bbox 664 1468 695 1530; x_wconf 91' lang='lat' dir='ltr'><strong>in</strong></span> <span class='ocrx_word' id='word_1_92' title='bbox 707 1469 835 1531; x_wconf 82' lang='lat' dir='ltr'><strong>Domino</strong></span> <span class='ocrx_word' id='word_1_93' title='bbox 848 1467 1008 1546; x_wconf 84' lang='lat' dir='ltr'><strong>videbitur,</strong></span> <span class='ocrx_word' id='word_1_94' title='bbox 1017 1465 1232 1529; x_wconf 74' lang='lat' dir='ltr'><strong>consedemus.</strong></span> <span class='ocrx_word' id='word_1_95' title='bbox 1246 1466 1309 1528; x_wconf 83' lang='lat' dir='ltr'><strong>Nos</strong></span> <span class='ocrx_word' id='word_1_96' title='bbox 1319 1485 1395 1530; x_wconf 75' lang='lat' dir='ltr'><strong>sane</strong></span> 
     </span>
    </p>
   </div>
   <div class='ocr_carea' id='block_1_3' title="bbox 119 1563 1392 1648">
    <p class='ocr_par' dir='ltr' id='par_1_3' title="bbox 119 1563 1392 1648">
     <span class='ocr_line' id='line_1_12' title="bbox 119 1563 1392 1648; baseline -0.001 -20"><span class='ocrx_word' id='word_1_97' title='bbox 119 1595 123 1604; x_wconf 95' lang='lat'>·</span> <span class='ocrx_word' id='word_1_98' title='bbox 236 1563 1392 1648; x_wconf 70' lang='lat' dir='ltr'><strong>etpropositumhoctuumvehementer,utparest,rollaudamus,et8ancti</strong></span> 
     </span>
    </p>
   </div>
   <div class='ocr_carea' id='block_1_4' title="bbox 235 1663 1393 2335">
    <p class='ocr_par' dir='ltr' id='par_1_4' title="bbox 235 1663 1393 2335">
     <span class='ocr_line' id='line_1_13' title="bbox 235 1663 1393 1746; baseline 0.001 -20"><span class='ocrx_word' id='word_1_99' title='bbox 235 1665 365 1746; x_wconf 86' lang='lat' dir='ltr'><strong>Spiritus</strong></span> <span class='ocrx_word' id='word_1_100' title='bbox 376 1664 481 1727; x_wconf 87' lang='lat' dir='ltr'><strong>alilatu</strong></span> <span class='ocrx_word' id='word_1_101' title='bbox 501 1663 584 1726; x_wconf 90' lang='lat' dir='ltr'><strong>hunc</strong></span> <span class='ocrx_word' id='word_1_102' title='bbox 600 1664 654 1726; x_wconf 89' lang='lat' dir='ltr'><strong>tibi</strong></span> <span class='ocrx_word' id='word_1_103' title='bbox 668 1663 995 1726; x_wconf 88' lang='lat' dir='ltr'><strong>immissum·animum</strong></span> <span class='ocrx_word' id='word_1_104' title='bbox 1016 1680 1097 1741; x_wconf 88' lang='lat' dir='ltr'><strong>esse,</strong></span> <span class='ocrx_word' id='word_1_105' title='bbox 1116 1667 1263 1744; x_wconf 82' lang='lat' dir='ltr'><strong>tantoque</strong></span> <span class='ocrx_word' id='word_1_106' title='bbox 1283 1665 1393 1727; x_wconf 84' lang='lat' dir='ltr'><strong>ardore</strong></span> 
     </span>
     <span class='ocr_line' id='line_1_14' title="bbox 241 1761 1390 1843; baseline 0.002 -19"><span class='ocrx_word' id='word_1_107' title='bbox 241 1764 463 1826; x_wconf 80' lang='lat' dir='ltr'><strong>inflammatum</strong></span> <span class='ocrx_word' id='word_1_108' title='bbox 482 1763 648 1826; x_wconf 87' lang='lat' dir='ltr'><strong>certissima</strong></span> <span class='ocrx_word' id='word_1_109' title='bbox 665 1763 885 1843; x_wconf 81' lang='lat' dir='ltr'><strong>cognoscimus.</strong></span> <span class='ocrx_word' id='word_1_110' title='bbox 902 1762 1007 1824; x_wconf 84' lang='lat' dir='ltr'><strong>Divina</strong></span> <span class='ocrx_word' id='word_1_111' title='bbox 1016 1761 1143 1843; x_wconf 86' lang='lat' dir='ltr'><strong>proinde</strong></span> <span class='ocrx_word' id='word_1_112' title='bbox 1151 1761 1291 1840; x_wconf 84' lang='lat' dir='ltr'><strong>ejusdem</strong></span> <span class='ocrx_word' id='word_1_113' title='bbox 1312 1763 1344 1824; x_wconf 88' lang='lat' dir='ltr'><strong>in</strong></span> <span class='ocrx_word' id='word_1_114' title='bbox 1361 1771 1390 1826; x_wconf 89' lang='lat' dir='ltr'><strong>te</strong></span> 
     </span>
     <span class='ocr_line' id='line_1_15' title="bbox 238 1861 1391 1943; baseline 0.002 -21"><span class='ocrx_word' id='word_1_115' title='bbox 238 1861 409 1940; x_wconf 90' lang='lat' dir='ltr'><strong>molimina,</strong></span> <span class='ocrx_word' id='word_1_116' title='bbox 426 1880 493 1943; x_wconf 83' lang='lat' dir='ltr'><strong>qua</strong></span> <span class='ocrx_word' id='word_1_117' title='bbox 505 1861 725 1942; x_wconf 84' lang='lat' dir='ltr'><strong>adaugendam</strong></span> <span class='ocrx_word' id='word_1_118' title='bbox 739 1861 919 1924; x_wconf 73' lang='lat' dir='ltr'><strong>animantes</strong></span> <span class='ocrx_word' id='word_1_119' title='bbox 928 1861 1135 1938; x_wconf 72' lang='lat' dir='ltr'><strong>securitatem,</strong></span> <span class='ocrx_word' id='word_1_120' title='bbox 1150 1878 1187 1922; x_wconf 91' lang='lat' dir='ltr'><strong>ac</strong></span> <span class='ocrx_word' id='word_1_121' title='bbox 1199 1861 1391 1941; x_wconf 84' lang='lat' dir='ltr'><strong>profectum,</strong></span> 
     </span>
     <span class='ocr_line' id='line_1_16' title="bbox 238 1949 1388 2040; baseline 0.003 -22"><span class='ocrx_word' id='word_1_122' title='bbox 238 1957 277 2019; x_wconf 89' lang='lat' dir='ltr'><strong>ad</strong></span> <span class='ocrx_word' id='word_1_123' title='bbox 291 1957 371 2020; x_wconf 86' lang='lat' dir='ltr'><strong>illius</strong></span> <span class='ocrx_word' id='word_1_124' title='bbox 384 1958 498 2021; x_wconf 89' lang='lat' dir='ltr'><strong>ordinis</strong></span> <span class='ocrx_word' id='word_1_125' title='bbox 512 1959 597 2021; x_wconf 90' lang='lat' dir='ltr'><strong>initia</strong></span> <span class='ocrx_word' id='word_1_126' title='bbox 613 1958 728 2040; x_wconf 90' lang='lat' dir='ltr'><strong>optime</strong></span> <span class='ocrx_word' id='word_1_127' title='bbox 739 1949 968 2036; x_wconf 83' lang='lat' dir='ltr'><strong>constitbenda&#39;,</strong></span> <span class='ocrx_word' id='word_1_128' title='bbox 982 1957 1022 2019; x_wconf 89' lang='lat' dir='ltr'><strong>ad</strong></span> <span class='ocrx_word' id='word_1_129' title='bbox 1041 1958 1178 2020; x_wconf 89' lang='lat' dir='ltr'><strong>omnium</strong></span> <span class='ocrx_word' id='word_1_130' title='bbox 1194 1961 1388 2040; x_wconf 78' lang='lat' dir='ltr'><strong>exemplum.</strong></span> 
     </span>
     <span class='ocr_line' id='line_1_17' title="bbox 235 2055 1391 2136; baseline 0.001 -18"><span class='ocrx_word' id='word_1_131' title='bbox 235 2057 274 2118; x_wconf 92' lang='lat' dir='ltr'><strong>ad</strong></span> <span class='ocrx_word' id='word_1_132' title='bbox 288 2058 427 2120; x_wconf 79' lang='lat' dir='ltr'><strong>Ecclesiae</strong></span> <span class='ocrx_word' id='word_1_133' title='bbox 441 2058 620 2136; x_wconf 86' lang='lat' dir='ltr'><strong>utilitatem,</strong></span> <span class='ocrx_word' id='word_1_134' title='bbox 638 2057 676 2119; x_wconf 87' lang='lat' dir='ltr'><strong>ad</strong></span> <span class='ocrx_word' id='word_1_135' title='bbox 695 2060 748 2119; x_wconf 86' lang='lat' dir='ltr'><strong>Dei</strong></span> <span class='ocrx_word' id='word_1_136' title='bbox 766 2056 894 2136; x_wconf 88' lang='lat' dir='ltr'><strong>gloriam</strong></span> <span class='ocrx_word' id='word_1_137' title='bbox 914 2055 978 2117; x_wconf 91' lang='lat' dir='ltr'><strong>sine</strong></span> <span class='ocrx_word' id='word_1_138' title='bbox 1000 2055 1061 2116; x_wconf 88' lang='lat' dir='ltr'><strong>ulla</strong></span> <span class='ocrx_word' id='word_1_139' title='bbox 1073 2055 1263 2117; x_wconf 88' lang='lat' dir='ltr'><strong>dubitatione</strong></span> <span class='ocrx_word' id='word_1_140' title='bbox 1284 2057 1391 2120; x_wconf 77' lang='lat' dir='ltr'><strong>referri</strong></span> 
     </span>
     <span class='ocr_line' id='line_1_18' title="bbox 235 2154 1390 2237; baseline 0.003 -23"><span class='ocrx_word' id='word_1_141' title='bbox 235 2156 390 2234; x_wconf 82' lang='lat' dir='ltr'><strong>videmus,</strong></span> <span class='ocrx_word' id='word_1_142' title='bbox 410 2164 528 2219; x_wconf 89' lang='lat' dir='ltr'><strong>tantum</strong></span> <span class='ocrx_word' id='word_1_143' title='bbox 540 2158 641 2234; x_wconf 88' lang='lat' dir='ltr'><strong>abest,</strong></span> <span class='ocrx_word' id='word_1_144' title='bbox 654 2163 688 2218; x_wconf 90' lang='lat' dir='ltr'><strong>ut</strong></span> <span class='ocrx_word' id='word_1_145' title='bbox 698 2157 744 2218; x_wconf 91' lang='lat' dir='ltr'><strong>vel</strong></span> <span class='ocrx_word' id='word_1_146' title='bbox 761 2155 908 2237; x_wconf 90' lang='lat' dir='ltr'><strong>impedire</strong></span> <span class='ocrx_word' id='word_1_147' title='bbox 921 2155 1104 2231; x_wconf 90' lang='lat' dir='ltr'><strong>ullomodo,</strong></span> <span class='ocrx_word' id='word_1_148' title='bbox 1116 2154 1269 2216; x_wconf 80' lang='lat' dir='ltr'><strong>ueletiam</strong></span> <span class='ocrx_word' id='word_1_149' title='bbox 1286 2163 1390 2218; x_wconf 88' lang='lat' dir='ltr'><strong>retar-</strong></span> 
     </span>
     <span class='ocr_line' id='line_1_19' title="bbox 237 2253 1390 2335; baseline 0 -21"><span class='ocrx_word' id='word_1_150' title='bbox 237 2254 310 2314; x_wconf 87' lang='lat' dir='ltr'><strong>dare</strong></span> <span class='ocrx_word' id='word_1_151' title='bbox 324 2255 464 2334; x_wconf 88' lang='lat' dir='ltr'><strong>velimus,</strong></span> <span class='ocrx_word' id='word_1_152' title='bbox 488 2262 523 2316; x_wconf 92' lang='lat' dir='ltr'><strong>ut</strong></span> <span class='ocrx_word' id='word_1_153' title='bbox 544 2254 684 2332; x_wconf 89' lang='lat' dir='ltr'><strong>consilio,</strong></span> <span class='ocrx_word' id='word_1_154' title='bbox 700 2253 843 2335; x_wconf 86' lang='lat' dir='ltr'><strong>omnique</strong></span> <span class='ocrx_word' id='word_1_155' title='bbox 863 2270 938 2333; x_wconf 91' lang='lat' dir='ltr'><strong>ope,</strong></span> <span class='ocrx_word' id='word_1_156' title='bbox 957 2269 1067 2333; x_wconf 88' lang='lat' dir='ltr'><strong>opera,</strong></span> <span class='ocrx_word' id='word_1_157' title='bbox 1092 2258 1182 2330; x_wconf 88' lang='lat' dir='ltr'><strong>atque</strong></span> <span class='ocrx_word' id='word_1_158' title='bbox 1206 2253 1390 2314; x_wconf 85' lang='lat' dir='ltr'><strong>auctoritate</strong></span> 
     </span>
    </p>
   </div>
   <div class='ocr_carea' id='block_1_5' title="bbox 133 2350 1391 2433">
    <p class='ocr_par' dir='ltr' id='par_1_5' title="bbox 133 2350 1391 2433">
     <span class='ocr_line' id='line_1_20' title="bbox 133 2350 1391 2433; baseline 0.002 -21"><span class='ocrx_word' id='word_1_159' title='bbox 133 2406 136 2412; x_wconf 88' lang='lat'><em>.</em></span> <span class='ocrx_word' id='word_1_160' title='bbox 234 2358 340 2413; x_wconf 90' lang='lat' dir='ltr'><strong>nostra</strong></span> <span class='ocrx_word' id='word_1_161' title='bbox 353 2351 460 2413; x_wconf 91' lang='lat' dir='ltr'><strong>eadem</strong></span> <span class='ocrx_word' id='word_1_162' title='bbox 478 2351 658 2433; x_wconf 89' lang='lat' dir='ltr'><strong>provehere,</strong></span> <span class='ocrx_word' id='word_1_163' title='bbox 671 2357 761 2431; x_wconf 88' lang='lat' dir='ltr'><strong>teque</strong></span> <span class='ocrx_word' id='word_1_164' title='bbox 775 2357 829 2412; x_wconf 86' lang='lat' dir='ltr'><strong>tua</strong></span> <span class='ocrx_word' id='word_1_165' title='bbox 849 2357 955 2431; x_wconf 88' lang='lat' dir='ltr'><strong>sponte</strong></span> <span class='ocrx_word' id='word_1_166' title='bbox 974 2357 1038 2411; x_wconf 90' lang='lat' dir='ltr'><strong>tam</strong></span> <span class='ocrx_word' id='word_1_167' title='bbox 1056 2350 1199 2430; x_wconf 78' lang='lat' dir='ltr'><strong>praeclare</strong></span> <span class='ocrx_word' id='word_1_168' title='bbox 1213 2360 1391 2415; x_wconf 84' lang='lat' dir='ltr'><strong>currentem</strong></span> 
     </span>
    </p>
   </div>
   <div class='ocr_carea' id='block_1_6' title="bbox 219 2445 1391 4587">
    <p class='ocr_par' dir='ltr' id='par_1_6' title="bbox 219 2445 1391 4587">
     <span class='ocr_line' id='line_1_21' title="bbox 234 2445 1390 2528; baseline 0.003 -18"><span class='ocrx_word' id='word_1_169' title='bbox 234 2455 338 2510; x_wconf 89' lang='lat' dir='ltr'><strong>nostra</strong></span> <span class='ocrx_word' id='word_1_170' title='bbox 355 2448 458 2509; x_wconf 90' lang='lat' dir='ltr'><strong>itidem</strong></span> <span class='ocrx_word' id='word_1_171' title='bbox 477 2447 702 2526; x_wconf 87' lang='lat' dir='ltr'><strong>cohortatione,</strong></span> <span class='ocrx_word' id='word_1_172' title='bbox 716 2465 752 2509; x_wconf 88' lang='lat' dir='ltr'><strong>ac</strong></span> <span class='ocrx_word' id='word_1_173' title='bbox 768 2445 858 2509; x_wconf 89' lang='lat' dir='ltr'><strong>laude</strong></span> <span class='ocrx_word' id='word_1_174' title='bbox 870 2464 1053 2528; x_wconf 89' lang='lat' dir='ltr'><strong>magnopere</strong></span> <span class='ocrx_word' id='word_1_175' title='bbox 1071 2447 1196 2509; x_wconf 88' lang='lat' dir='ltr'><strong>incitare</strong></span> <span class='ocrx_word' id='word_1_176' title='bbox 1216 2453 1390 2515; x_wconf 86' lang='lat' dir='ltr'><strong>contenda-</strong></span> 
     </span>
     <span class='ocr_line' id='line_1_22' title="bbox 234 2542 1391 2626; baseline 0.006 -20"><span class='ocrx_word' id='word_1_177' title='bbox 234 2565 314 2607; x_wconf 90' lang='lat' dir='ltr'><strong>mus.</strong></span> <span class='ocrx_word' id='word_1_178' title='bbox 328 2547 461 2626; x_wconf 84' lang='lat' dir='ltr'><strong>Sequere</strong></span> <span class='ocrx_word' id='word_1_179' title='bbox 475 2545 576 2626; x_wconf 88' lang='lat' dir='ltr'><strong>igitur,</strong></span> <span class='ocrx_word' id='word_1_180' title='bbox 590 2543 698 2608; x_wconf 88' lang='lat' dir='ltr'><strong>dilecta</strong></span> <span class='ocrx_word' id='word_1_181' title='bbox 709 2546 740 2607; x_wconf 90' lang='lat' dir='ltr'><strong>in</strong></span> <span class='ocrx_word' id='word_1_182' title='bbox 755 2542 872 2607; x_wconf 83' lang='lat' dir='ltr'><strong>Christo</strong></span> <span class='ocrx_word' id='word_1_183' title='bbox 882 2543 1081 2607; x_wconf 80' lang='lat' dir='ltr'><strong>FiliaNohilis</strong></span> <span class='ocrx_word' id='word_1_184' title='bbox 1094 2547 1211 2625; x_wconf 86' lang='lat' dir='ltr'><strong>Mulier,</strong></span> <span class='ocrx_word' id='word_1_185' title='bbox 1224 2555 1391 2613; x_wconf 88' lang='lat' dir='ltr'><strong>vocantem</strong></span> 
     </span>
     <span class='ocr_line' id='line_1_23' title="bbox 229 2643 1389 2726; baseline 0.004 -20"><span class='ocrx_word' id='word_1_186' title='bbox 229 2653 260 2706; x_wconf 93' lang='lat' dir='ltr'><strong>te</strong></span> <span class='ocrx_word' id='word_1_187' title='bbox 278 2647 392 2723; x_wconf 88' lang='lat' dir='ltr'><strong>Deum,</strong></span> <span class='ocrx_word' id='word_1_188' title='bbox 415 2645 453 2706; x_wconf 90' lang='lat' dir='ltr'><strong>ad</strong></span> <span class='ocrx_word' id='word_1_189' title='bbox 471 2644 674 2708; x_wconf 89' lang='lat' dir='ltr'><strong>sanctissimas</strong></span> <span class='ocrx_word' id='word_1_190' title='bbox 685 2643 793 2706; x_wconf 81' lang='lat' dir='ltr'><strong>Christi</strong></span> <span class='ocrx_word' id='word_1_191' title='bbox 807 2645 1056 2726; x_wconf 85' lang='lat' dir='ltr'><strong>sponsipropera</strong></span> <span class='ocrx_word' id='word_1_192' title='bbox 1074 2645 1211 2725; x_wconf 88' lang='lat' dir='ltr'><strong>nuptias,</strong></span> <span class='ocrx_word' id='word_1_193' title='bbox 1223 2645 1312 2708; x_wconf 92' lang='lat' dir='ltr'><strong>illum</strong></span> <span class='ocrx_word' id='word_1_194' title='bbox 1331 2668 1389 2711; x_wconf 90' lang='lat' dir='ltr'><strong>oc-</strong></span> 
     </span>
     <span class='ocr_line' id='line_1_24' title="bbox 229 2740 1387 2824; baseline 0.003 -20"><span class='ocrx_word' id='word_1_195' title='bbox 229 2762 320 2824; x_wconf 91' lang='lat' dir='ltr'><strong>cupa,</strong></span> <span class='ocrx_word' id='word_1_196' title='bbox 336 2742 503 2805; x_wconf 89' lang='lat' dir='ltr'><strong>sanctitatis</strong></span> <span class='ocrx_word' id='word_1_197' title='bbox 515 2747 639 2823; x_wconf 90' lang='lat' dir='ltr'><strong>portum</strong></span> <span class='ocrx_word' id='word_1_198' title='bbox 658 2741 739 2803; x_wconf 91' lang='lat' dir='ltr'><strong>unde</strong></span> <span class='ocrx_word' id='word_1_199' title='bbox 755 2740 998 2823; x_wconf 86' lang='lat' dir='ltr'><strong>expeditissimus</strong></span> <span class='ocrx_word' id='word_1_200' title='bbox 1010 2741 1142 2804; x_wconf 83' lang='lat' dir='ltr'><strong>ertetad</strong></span> <span class='ocrx_word' id='word_1_201' title='bbox 1154 2743 1308 2806; x_wconf 89' lang='lat' dir='ltr'><strong>coelestem</strong></span> <span class='ocrx_word' id='word_1_202' title='bbox 1326 2747 1387 2808; x_wconf 91' lang='lat' dir='ltr'><strong>im-</strong></span> 
     </span>
     <span class='ocr_line' id='line_1_25' title="bbox 229 2838 1387 2923; baseline 0.002 -20"><span class='ocrx_word' id='word_1_203' title='bbox 229 2843 451 2923; x_wconf 84' lang='lat' dir='ltr'><strong>mortalemque</strong></span> <span class='ocrx_word' id='word_1_204' title='bbox 463 2840 590 2921; x_wconf 87' lang='lat' dir='ltr'><strong>gloriam</strong></span> <span class='ocrx_word' id='word_1_205' title='bbox 601 2838 754 2901; x_wconf 90' lang='lat' dir='ltr'><strong>transitus.</strong></span> <span class='ocrx_word' id='word_1_206' title='bbox 771 2840 869 2913; x_wconf 87' lang='lat' dir='ltr'><strong>Quare</strong></span> <span class='ocrx_word' id='word_1_207' title='bbox 879 2840 941 2901; x_wconf 88' lang='lat' dir='ltr'><strong>Nos</strong></span> <span class='ocrx_word' id='word_1_208' title='bbox 952 2845 982 2899; x_wconf 92' lang='lat' dir='ltr'><strong>te</strong></span> <span class='ocrx_word' id='word_1_209' title='bbox 993 2838 1064 2900; x_wconf 92' lang='lat' dir='ltr'><strong>hinc</strong></span> <span class='ocrx_word' id='word_1_210' title='bbox 1074 2839 1302 2920; x_wconf 88' lang='lat' dir='ltr'><strong>quamprimum</strong></span> <span class='ocrx_word' id='word_1_211' title='bbox 1312 2849 1387 2905; x_wconf 90' lang='lat' dir='ltr'><strong>emi-</strong></span> 
     </span>
     <span class='ocr_line' id='line_1_26' title="bbox 227 2937 1389 3023; baseline 0.003 -22"><span class='ocrx_word' id='word_1_212' title='bbox 227 2940 333 3019; x_wconf 86' lang='lat' dir='ltr'><strong>grandi</strong></span> <span class='ocrx_word' id='word_1_213' title='bbox 357 2940 515 3023; x_wconf 86' lang='lat' dir='ltr'><strong>cupidam,</strong></span> <span class='ocrx_word' id='word_1_214' title='bbox 538 2944 628 3020; x_wconf 88' lang='lat' dir='ltr'><strong>atque</strong></span> <span class='ocrx_word' id='word_1_215' title='bbox 660 2938 731 3000; x_wconf 92' lang='lat' dir='ltr'><strong>illuc</strong></span> <span class='ocrx_word' id='word_1_216' title='bbox 752 2956 872 3000; x_wconf 88' lang='lat' dir='ltr'><strong>summa</strong></span> <span class='ocrx_word' id='word_1_217' title='bbox 896 2937 988 2999; x_wconf 88' lang='lat' dir='ltr'><strong>animi</strong></span> <span class='ocrx_word' id='word_1_218' title='bbox 1017 2937 1170 2999; x_wconf 87' lang='lat' dir='ltr'><strong>alacritate</strong></span> <span class='ocrx_word' id='word_1_219' title='bbox 1190 2938 1389 3004; x_wconf 80' lang='lat' dir='ltr'><strong>festinantem</strong></span> 
     </span>
     <span class='ocr_line' id='line_1_27' title="bbox 227 3035 1388 3120; baseline 0.001 -20"><span class='ocrx_word' id='word_1_220' title='bbox 227 3044 354 3118; x_wconf 86' lang='lat' dir='ltr'><strong>paterna</strong></span> <span class='ocrx_word' id='word_1_221' title='bbox 368 3038 532 3120; x_wconf 86' lang='lat' dir='ltr'><strong>apostolico</strong></span> <span class='ocrx_word' id='word_1_222' title='bbox 540 3036 751 3098; x_wconf 89' lang='lat' dir='ltr'><strong>benedictione</strong></span> <span class='ocrx_word' id='word_1_223' title='bbox 760 3035 802 3097; x_wconf 89' lang='lat' dir='ltr'><strong>ita</strong></span> <span class='ocrx_word' id='word_1_224' title='bbox 812 3035 1033 3117; x_wconf 87' lang='lat' dir='ltr'><strong>prosequimur,</strong></span> <span class='ocrx_word' id='word_1_225' title='bbox 1044 3041 1078 3096; x_wconf 91' lang='lat' dir='ltr'><strong>ut</strong></span> <span class='ocrx_word' id='word_1_226' title='bbox 1088 3035 1216 3096; x_wconf 88' lang='lat' dir='ltr'><strong>eandem</strong></span> <span class='ocrx_word' id='word_1_227' title='bbox 1229 3035 1388 3101; x_wconf 78' lang='lat' dir='ltr'><strong>letissimo</strong></span> 
     </span>
     <span class='ocr_line' id='line_1_28' title="bbox 229 3130 1383 3213; baseline 0.001 -17"><span class='ocrx_word' id='word_1_228' title='bbox 229 3135 336 3196; x_wconf 78' lang='lat' dir='ltr'><strong>divino</strong></span> <span class='ocrx_word' id='word_1_229' title='bbox 356 3133 573 3197; x_wconf 88' lang='lat' dir='ltr'><strong>benedictionis</strong></span> <span class='ocrx_word' id='word_1_230' title='bbox 591 3132 732 3213; x_wconf 89' lang='lat' dir='ltr'><strong>auspicio</strong></span> <span class='ocrx_word' id='word_1_231' title='bbox 747 3132 908 3196; x_wconf 77' lang='lat' dir='ltr'><strong>astituram</strong></span> <span class='ocrx_word' id='word_1_232' title='bbox 925 3130 979 3194; x_wconf 92' lang='lat' dir='ltr'><strong>tibi</strong></span> <span class='ocrx_word' id='word_1_233' title='bbox 997 3131 1162 3193; x_wconf 81' lang='lat' dir='ltr'><strong>essafacile</strong></span> <span class='ocrx_word' id='word_1_234' title='bbox 1177 3133 1383 3197; x_wconf 80' lang='lat' dir='ltr'><strong>mandamus.</strong></span> 
     </span>
     <span class='ocr_line' id='line_1_29' title="bbox 228 3229 1389 3310; baseline 0.001 -16"><span class='ocrx_word' id='word_1_235' title='bbox 228 3234 261 3295; x_wconf 90' lang='lat' dir='ltr'><strong>ln</strong></span> <span class='ocrx_word' id='word_1_236' title='bbox 273 3231 396 3310; x_wconf 91' lang='lat' dir='ltr'><strong>quidem</strong></span> <span class='ocrx_word' id='word_1_237' title='bbox 416 3231 518 3294; x_wconf 88' lang='lat' dir='ltr'><strong>illicia</strong></span> <span class='ocrx_word' id='word_1_238' title='bbox 538 3230 645 3293; x_wconf 81' lang='lat' dir='ltr'><strong>Christi</strong></span> <span class='ocrx_word' id='word_1_239' title='bbox 665 3230 784 3292; x_wconf 82' lang='lat' dir='ltr'><strong>Domim</strong></span> <span class='ocrx_word' id='word_1_240' title='bbox 798 3230 930 3310; x_wconf 86' lang='lat' dir='ltr'><strong>pasceris</strong></span> <span class='ocrx_word' id='word_1_241' title='bbox 948 3229 1079 3308; x_wconf 89' lang='lat' dir='ltr'><strong>divitiis,</strong></span> <span class='ocrx_word' id='word_1_242' title='bbox 1094 3230 1159 3308; x_wconf 86' lang='lat' dir='ltr'><strong>ejus</strong></span> <span class='ocrx_word' id='word_1_243' title='bbox 1170 3231 1328 3310; x_wconf 88' lang='lat' dir='ltr'><strong>Passioni,</strong></span> <span class='ocrx_word' id='word_1_244' title='bbox 1348 3252 1389 3295; x_wconf 91' lang='lat' dir='ltr'><strong>ao</strong></span> 
     </span>
     <span class='ocr_line' id='line_1_30' title="bbox 226 3327 1387 3408; baseline 0.003 -20"><span class='ocrx_word' id='word_1_245' title='bbox 226 3327 317 3388; x_wconf 91' lang='lat' dir='ltr'><strong>morti</strong></span> <span class='ocrx_word' id='word_1_246' title='bbox 335 3329 512 3406; x_wconf 78' lang='lat' dir='ltr'><strong>conjuncta,</strong></span> <span class='ocrx_word' id='word_1_247' title='bbox 536 3327 600 3408; x_wconf 90' lang='lat' dir='ltr'><strong>ipse</strong></span> <span class='ocrx_word' id='word_1_248' title='bbox 621 3343 693 3388; x_wconf 87' lang='lat' dir='ltr'><strong>vero</strong></span> <span class='ocrx_word' id='word_1_249' title='bbox 708 3328 884 3389; x_wconf 90' lang='lat' dir='ltr'><strong>monialium</strong></span> <span class='ocrx_word' id='word_1_250' title='bbox 905 3328 1001 3405; x_wconf 90' lang='lat' dir='ltr'><strong>orda,</strong></span> <span class='ocrx_word' id='word_1_251' title='bbox 1023 3329 1112 3407; x_wconf 82' lang='lat' dir='ltr'><strong>eujus</strong></span> <span class='ocrx_word' id='word_1_252' title='bbox 1132 3344 1227 3408; x_wconf 83' lang='lat' dir='ltr'><strong>nuper</strong></span> <span class='ocrx_word' id='word_1_253' title='bbox 1247 3348 1267 3390; x_wconf 92' lang='lat' dir='ltr'><strong>a</strong></span> <span class='ocrx_word' id='word_1_254' title='bbox 1286 3329 1387 3392; x_wconf 85' lang='lat' dir='ltr'><strong>Nobis</strong></span> 
     </span>
     <span class='ocr_line' id='line_1_31' title="bbox 227 3424 1384 3508; baseline 0.003 -23"><span class='ocrx_word' id='word_1_255' title='bbox 227 3424 381 3505; x_wconf 79' lang='lat' dir='ltr'><strong>probate,</strong></span> <span class='ocrx_word' id='word_1_256' title='bbox 403 3424 583 3504; x_wconf 82' lang='lat' dir='ltr'><strong>sancitaque</strong></span> <span class='ocrx_word' id='word_1_257' title='bbox 602 3429 674 3485; x_wconf 87' lang='lat' dir='ltr'><strong>sunt</strong></span> <span class='ocrx_word' id='word_1_258' title='bbox 690 3424 786 3505; x_wconf 85' lang='lat' dir='ltr'><strong>leges,</strong></span> <span class='ocrx_word' id='word_1_259' title='bbox 805 3424 904 3487; x_wconf 86' lang='lat' dir='ltr'><strong>fausta</strong></span> <span class='ocrx_word' id='word_1_260' title='bbox 932 3425 1032 3505; x_wconf 91' lang='lat' dir='ltr'><strong>capiet</strong></span> <span class='ocrx_word' id='word_1_261' title='bbox 1051 3432 1104 3486; x_wconf 90' lang='lat' dir='ltr'><strong>tua</strong></span> <span class='ocrx_word' id='word_1_262' title='bbox 1123 3425 1295 3488; x_wconf 86' lang='lat' dir='ltr'><strong>accessione</strong></span> <span class='ocrx_word' id='word_1_263' title='bbox 1315 3429 1384 3508; x_wconf 88' lang='lat' dir='ltr'><strong>pri-</strong></span> 
     </span>
     <span class='ocr_line' id='line_1_32' title="bbox 224 3519 1382 3607; baseline 0.005 -24"><span class='ocrx_word' id='word_1_264' title='bbox 224 3519 359 3596; x_wconf 89' lang='lat' dir='ltr'><strong>mordia,</strong></span> <span class='ocrx_word' id='word_1_265' title='bbox 373 3538 440 3602; x_wconf 84' lang='lat' dir='ltr'><strong>quae</strong></span> <span class='ocrx_word' id='word_1_266' title='bbox 451 3527 485 3584; x_wconf 92' lang='lat' dir='ltr'><strong>ut</strong></span> <span class='ocrx_word' id='word_1_267' title='bbox 498 3521 599 3583; x_wconf 90' lang='lat' dir='ltr'><strong>divino</strong></span> <span class='ocrx_word' id='word_1_268' title='bbox 610 3521 734 3583; x_wconf 90' lang='lat' dir='ltr'><strong>oonsilio</strong></span> <span class='ocrx_word' id='word_1_269' title='bbox 745 3522 903 3585; x_wconf 86' lang='lat' dir='ltr'><strong>reserenda</strong></span> <span class='ocrx_word' id='word_1_270' title='bbox 918 3541 983 3584; x_wconf 89' lang='lat' dir='ltr'><strong>esse</strong></span> <span class='ocrx_word' id='word_1_271' title='bbox 998 3522 1189 3602; x_wconf 88' lang='lat' dir='ltr'><strong>arbitramur,</strong></span> <span class='ocrx_word' id='word_1_272' title='bbox 1204 3523 1248 3585; x_wconf 91' lang='lat' dir='ltr'><strong>ita</strong></span> <span class='ocrx_word' id='word_1_273' title='bbox 1262 3543 1382 3607; x_wconf 90' lang='lat' dir='ltr'><strong>oppor-</strong></span> 
     </span>
     <span class='ocr_line' id='line_1_33' title="bbox 225 3619 1383 3702; baseline 0.006 -22"><span class='ocrx_word' id='word_1_274' title='bbox 225 3620 384 3681; x_wconf 86' lang='lat' dir='ltr'><strong>tunitatem</strong></span> <span class='ocrx_word' id='word_1_275' title='bbox 394 3619 473 3682; x_wconf 85' lang='lat' dir='ltr'><strong>hanc</strong></span> <span class='ocrx_word' id='word_1_276' title='bbox 486 3619 637 3701; x_wconf 87' lang='lat' dir='ltr'><strong>praeterire</strong></span> <span class='ocrx_word' id='word_1_277' title='bbox 646 3635 708 3681; x_wconf 92' lang='lat' dir='ltr'><strong>non</strong></span> <span class='ocrx_word' id='word_1_278' title='bbox 719 3619 881 3698; x_wconf 87' lang='lat' dir='ltr'><strong>dehemus,</strong></span> <span class='ocrx_word' id='word_1_279' title='bbox 896 3627 931 3682; x_wconf 90' lang='lat' dir='ltr'><strong>ut</strong></span> <span class='ocrx_word' id='word_1_280' title='bbox 942 3638 1005 3683; x_wconf 90' lang='lat' dir='ltr'><strong>non</strong></span> <span class='ocrx_word' id='word_1_281' title='bbox 1016 3621 1116 3682; x_wconf 91' lang='lat' dir='ltr'><strong>solum</strong></span> <span class='ocrx_word' id='word_1_282' title='bbox 1130 3627 1162 3683; x_wconf 92' lang='lat' dir='ltr'><strong>te</strong></span> <span class='ocrx_word' id='word_1_283' title='bbox 1170 3621 1303 3702; x_wconf 86' lang='lat' dir='ltr'><strong>primam</strong></span> <span class='ocrx_word' id='word_1_284' title='bbox 1315 3640 1383 3687; x_wconf 83' lang='lat' dir='ltr'><strong>esse</strong></span> 
     </span>
     <span class='ocr_line' id='line_1_34' title="bbox 223 3714 1382 3800; baseline 0.004 -22"><span class='ocrx_word' id='word_1_285' title='bbox 223 3737 294 3779; x_wconf 87' lang='lat' dir='ltr'><strong>cum</strong></span> <span class='ocrx_word' id='word_1_286' title='bbox 307 3716 422 3779; x_wconf 77' lang='lat' dir='ltr'><strong>caeteris</strong></span> <span class='ocrx_word' id='word_1_287' title='bbox 434 3716 465 3778; x_wconf 89' lang='lat' dir='ltr'><strong>in</strong></span> <span class='ocrx_word' id='word_1_288' title='bbox 478 3716 595 3779; x_wconf 84' lang='lat' dir='ltr'><strong>Christo</strong></span> <span class='ocrx_word' id='word_1_289' title='bbox 612 3715 766 3780; x_wconf 89' lang='lat' dir='ltr'><strong>sororibus</strong></span> <span class='ocrx_word' id='word_1_290' title='bbox 779 3717 839 3780; x_wconf 91' lang='lat' dir='ltr'><strong>tuis</strong></span> <span class='ocrx_word' id='word_1_291' title='bbox 854 3714 932 3779; x_wconf 89' lang='lat' dir='ltr'><strong>illius</strong></span> <span class='ocrx_word' id='word_1_292' title='bbox 947 3717 1135 3795; x_wconf 88' lang='lat' dir='ltr'><strong>monasterii,</strong></span> <span class='ocrx_word' id='word_1_293' title='bbox 1155 3725 1247 3800; x_wconf 89' lang='lat' dir='ltr'><strong>atque</strong></span> <span class='ocrx_word' id='word_1_294' title='bbox 1263 3720 1382 3783; x_wconf 88' lang='lat' dir='ltr'><strong>ordinis</strong></span> 
     </span>
     <span class='ocr_line' id='line_1_35' title="bbox 225 3812 1379 3895; baseline 0.003 -19"><span class='ocrx_word' id='word_1_295' title='bbox 225 3814 442 3892; x_wconf 80' lang='lat' dir='ltr'><strong>laudatricem,</strong></span> <span class='ocrx_word' id='word_1_296' title='bbox 455 3833 491 3876; x_wconf 87' lang='lat' dir='ltr'><strong>ac</strong></span> <span class='ocrx_word' id='word_1_297' title='bbox 503 3812 713 3879; x_wconf 81' lang='lat' dir='ltr'><strong>institutricem</strong></span> <span class='ocrx_word' id='word_1_298' title='bbox 729 3813 869 3892; x_wconf 88' lang='lat' dir='ltr'><strong>velimus,</strong></span> <span class='ocrx_word' id='word_1_299' title='bbox 886 3813 937 3875; x_wconf 92' lang='lat' dir='ltr'><strong>sed</strong></span> <span class='ocrx_word' id='word_1_300' title='bbox 950 3819 979 3875; x_wconf 90' lang='lat' dir='ltr'><strong>te</strong></span> <span class='ocrx_word' id='word_1_301' title='bbox 994 3814 1125 3895; x_wconf 90' lang='lat' dir='ltr'><strong>primam</strong></span> <span class='ocrx_word' id='word_1_302' title='bbox 1136 3815 1228 3876; x_wconf 90' lang='lat' dir='ltr'><strong>etiam</strong></span> <span class='ocrx_word' id='word_1_303' title='bbox 1239 3817 1379 3895; x_wconf 87' lang='lat' dir='ltr'><strong>ejusdem</strong></span> 
     </span>
     <span class='ocr_line' id='line_1_36' title="bbox 223 3909 1380 3995; baseline 0.003 -21"><span class='ocrx_word' id='word_1_304' title='bbox 223 3913 408 3995; x_wconf 88' lang='lat' dir='ltr'><strong>superiorem</strong></span> <span class='ocrx_word' id='word_1_305' title='bbox 419 3911 576 3976; x_wconf 80' lang='lat' dir='ltr'><strong>Pontificio</strong></span> <span class='ocrx_word' id='word_1_306' title='bbox 585 3909 763 3975; x_wconf 86' lang='lat' dir='ltr'><strong>auctoritate</strong></span> <span class='ocrx_word' id='word_1_307' title='bbox 776 3909 1003 3988; x_wconf 88' lang='lat' dir='ltr'><strong>constituimus,</strong></span> <span class='ocrx_word' id='word_1_308' title='bbox 1019 3928 1073 3992; x_wconf 87' lang='lat' dir='ltr'><strong>per</strong></span> <span class='ocrx_word' id='word_1_309' title='bbox 1090 3912 1181 3973; x_wconf 88' lang='lat' dir='ltr'><strong>hasce</strong></span> <span class='ocrx_word' id='word_1_310' title='bbox 1194 3914 1380 3993; x_wconf 88' lang='lat' dir='ltr'><strong>apostolicas</strong></span> 
     </span>
     <span class='ocr_line' id='line_1_37' title="bbox 222 4006 1383 4091; baseline -0.002 -13"><span class='ocrx_word' id='word_1_311' title='bbox 222 4011 360 4078; x_wconf 75' lang='lat' dir='ltr'><strong>informa</strong></span> <span class='ocrx_word' id='word_1_312' title='bbox 370 4008 473 4072; x_wconf 87' lang='lat' dir='ltr'><strong>Brevis</strong></span> <span class='ocrx_word' id='word_1_313' title='bbox 483 4007 608 4088; x_wconf 87' lang='lat' dir='ltr'><strong>litteras,</strong></span> <span class='ocrx_word' id='word_1_314' title='bbox 620 4027 688 4091; x_wconf 83' lang='lat' dir='ltr'><strong>qun</strong></span> <span class='ocrx_word' id='word_1_315' title='bbox 697 4006 736 4070; x_wconf 92' lang='lat' dir='ltr'><strong>ad</strong></span> <span class='ocrx_word' id='word_1_316' title='bbox 744 4015 775 4073; x_wconf 89' lang='lat' dir='ltr'><strong>te</strong></span> <span class='ocrx_word' id='word_1_317' title='bbox 783 4010 1039 4088; x_wconf 82' lang='lat' dir='ltr'><strong>transmittuntur,</strong></span> <span class='ocrx_word' id='word_1_318' title='bbox 1051 4018 1141 4091; x_wconf 88' lang='lat' dir='ltr'><strong>teque</strong></span> <span class='ocrx_word' id='word_1_319' title='bbox 1150 4010 1284 4091; x_wconf 88' lang='lat' dir='ltr'><strong>primum</strong></span> <span class='ocrx_word' id='word_1_320' title='bbox 1297 4010 1383 4077; x_wconf 89' lang='lat' dir='ltr'><strong>illius</strong></span> 
     </span>
     <span class='ocr_line' id='line_1_38' title="bbox 221 4104 1376 4189; baseline -0.002 -14"><span class='ocrx_word' id='word_1_321' title='bbox 221 4109 407 4189; x_wconf 84' lang='lat' dir='ltr'><strong>monasterii,</strong></span> <span class='ocrx_word' id='word_1_322' title='bbox 422 4127 460 4171; x_wconf 88' lang='lat' dir='ltr'><strong>ex</strong></span> <span class='ocrx_word' id='word_1_323' title='bbox 471 4124 533 4188; x_wconf 90' lang='lat' dir='ltr'><strong>quo</strong></span> <span class='ocrx_word' id='word_1_324' title='bbox 545 4105 616 4171; x_wconf 91' lang='lat' dir='ltr'><strong>illuc</strong></span> <span class='ocrx_word' id='word_1_325' title='bbox 631 4105 799 4184; x_wconf 87' lang='lat' dir='ltr'><strong>adveneris,</strong></span> <span class='ocrx_word' id='word_1_326' title='bbox 811 4104 967 4186; x_wconf 78' lang='lat' dir='ltr'><strong>presidem</strong></span> <span class='ocrx_word' id='word_1_327' title='bbox 979 4107 1117 4184; x_wconf 86' lang='lat' dir='ltr'><strong>iacimus,</strong></span> <span class='ocrx_word' id='word_1_328' title='bbox 1128 4114 1159 4169; x_wconf 92' lang='lat' dir='ltr'><strong>et</strong></span> <span class='ocrx_word' id='word_1_329' title='bbox 1169 4106 1376 4173; x_wconf 83' lang='lat' dir='ltr'><strong>declaramus.</strong></span> 
     </span>
     <span class='ocr_line' id='line_1_39' title="bbox 221 4193 1380 4287; baseline 0.003 -21"><span class='ocrx_word' id='word_1_330' title='bbox 221 4193 297 4268; x_wconf 85' lang='lat' dir='ltr'><strong>illud</strong></span> <span class='ocrx_word' id='word_1_331' title='bbox 307 4207 399 4270; x_wconf 88' lang='lat' dir='ltr'><strong>etiam</strong></span> <span class='ocrx_word' id='word_1_332' title='bbox 408 4214 463 4268; x_wconf 90' lang='lat' dir='ltr'><strong>tua</strong></span> <span class='ocrx_word' id='word_1_333' title='bbox 472 4205 583 4287; x_wconf 90' lang='lat' dir='ltr'><strong>pietate</strong></span> <span class='ocrx_word' id='word_1_334' title='bbox 594 4204 813 4285; x_wconf 85' lang='lat' dir='ltr'><strong>prudentiaque</strong></span> <span class='ocrx_word' id='word_1_335' title='bbox 825 4203 891 4265; x_wconf 82' lang='lat' dir='ltr'><strong>freti</strong></span> <span class='ocrx_word' id='word_1_336' title='bbox 907 4205 1033 4285; x_wconf 86' lang='lat' dir='ltr'><strong>henigne</strong></span> <span class='ocrx_word' id='word_1_337' title='bbox 1042 4205 1246 4284; x_wconf 73' lang='lat' dir='ltr'><strong>indulgemus,</strong></span> <span class='ocrx_word' id='word_1_338' title='bbox 1260 4212 1293 4266; x_wconf 91' lang='lat' dir='ltr'><strong>et</strong></span> <span class='ocrx_word' id='word_1_339' title='bbox 1302 4224 1380 4270; x_wconf 90' lang='lat' dir='ltr'><strong>con-</strong></span> 
     </span>
     <span class='ocr_line' id='line_1_40' title="bbox 221 4300 1380 4382; baseline 0.005 -21"><span class='ocrx_word' id='word_1_340' title='bbox 221 4302 369 4381; x_wconf 86' lang='lat' dir='ltr'><strong>cedimus,</strong></span> <span class='ocrx_word' id='word_1_341' title='bbox 387 4311 421 4366; x_wconf 91' lang='lat' dir='ltr'><strong>ut</strong></span> <span class='ocrx_word' id='word_1_342' title='bbox 440 4319 588 4366; x_wconf 89' lang='lat' dir='ltr'><strong>novorum</strong></span> <span class='ocrx_word' id='word_1_343' title='bbox 612 4300 716 4363; x_wconf 88' lang='lat' dir='ltr'><strong>itidem</strong></span> <span class='ocrx_word' id='word_1_344' title='bbox 739 4301 991 4363; x_wconf 87' lang='lat' dir='ltr'><strong>monasteriorum</strong></span> <span class='ocrx_word' id='word_1_345' title='bbox 1013 4300 1220 4379; x_wconf 86' lang='lat' dir='ltr'><strong>fundationes,</strong></span> <span class='ocrx_word' id='word_1_346' title='bbox 1241 4320 1380 4382; x_wconf 85' lang='lat' dir='ltr'><strong>quarum</strong></span> 
     </span>
     <span class='ocr_line' id='line_1_41' title="bbox 221 4398 1382 4480; baseline 0.004 -22"><span class='ocrx_word' id='word_1_347' title='bbox 221 4400 382 4478; x_wconf 88' lang='lat' dir='ltr'><strong>postmodo</strong></span> <span class='ocrx_word' id='word_1_348' title='bbox 395 4402 542 4463; x_wconf 83' lang='lat' dir='ltr'><strong>laetarum</strong></span> <span class='ocrx_word' id='word_1_349' title='bbox 554 4399 582 4460; x_wconf 90' lang='lat' dir='ltr'><strong>in</strong></span> <span class='ocrx_word' id='word_1_350' title='bbox 598 4406 685 4460; x_wconf 87' lang='lat' dir='ltr'><strong>tuum</strong></span> <span class='ocrx_word' id='word_1_351' title='bbox 698 4398 835 4460; x_wconf 85' lang='lat' dir='ltr'><strong>ordinem</strong></span> <span class='ocrx_word' id='word_1_352' title='bbox 847 4399 1013 4478; x_wconf 85' lang='lat' dir='ltr'><strong>acceptatio</strong></span> <span class='ocrx_word' id='word_1_353' title='bbox 1029 4406 1198 4480; x_wconf 84' lang='lat' dir='ltr'><strong>expetatur,</strong></span> <span class='ocrx_word' id='word_1_354' title='bbox 1213 4407 1382 4480; x_wconf 82' lang='lat' dir='ltr'><strong>acceptare</strong></span> 
     </span>
     <span class='ocr_line' id='line_1_42' title="bbox 219 4494 1378 4587; baseline 0.004 -29"><span class='ocrx_word' id='word_1_355' title='bbox 219 4496 285 4587; x_wconf 84' lang='lat' dir='ltr'><strong>ipsa</strong></span> <span class='ocrx_word' id='word_1_356' title='bbox 293 4541 301 4573; x_wconf 94' lang='lat'><strong>,</strong></span> <span class='ocrx_word' id='word_1_357' title='bbox 315 4503 425 4580; x_wconf 83' lang='lat' dir='ltr'><strong>tuoque</strong></span> <span class='ocrx_word' id='word_1_358' title='bbox 440 4497 535 4560; x_wconf 89' lang='lat' dir='ltr'><strong>ordini</strong></span> <span class='ocrx_word' id='word_1_359' title='bbox 550 4516 711 4579; x_wconf 60' lang='lat' dir='ltr'><strong>aggregare,</strong></span> <span class='ocrx_word' id='word_1_360' title='bbox 724 4498 832 4559; x_wconf 80' lang='lat' dir='ltr'><strong>valeas.</strong></span> <span class='ocrx_word' id='word_1_361' title='bbox 848 4496 944 4558; x_wconf 82' lang='lat' dir='ltr'><strong>Facile</strong></span> <span class='ocrx_word' id='word_1_362' title='bbox 957 4498 1016 4558; x_wconf 88' lang='lat' dir='ltr'><strong>Nos</strong></span> <span class='ocrx_word' id='word_1_363' title='bbox 1032 4497 1070 4558; x_wconf 89' lang='lat' dir='ltr'><strong>ad</strong></span> <span class='ocrx_word' id='word_1_364' title='bbox 1081 4494 1266 4559; x_wconf 69' lang='lat' dir='ltr'><strong>eredendum</strong></span> <span class='ocrx_word' id='word_1_365' title='bbox 1280 4497 1378 4563; x_wconf 86' lang='lat' dir='ltr'><strong>indu-</strong></span> 
     </span>
    </p>
   </div>
   <div class='ocr_carea' id='block_1_7' title="bbox 0 0 1597 5414">
    <p class='ocr_par' dir='ltr' id='par_1_7' title="bbox 0 0 1597 5414">
     <span class='ocr_line' id='line_1_43' title="bbox 0 0 1597 5414; baseline 0 4"><span class='ocrx_word' id='word_1_366' title='bbox 0 0 1597 5414; x_wconf 95' lang='lat' dir='ltr'><strong> </strong></span> 
     </span>
    </p>
   </div>
  </div>
 </body>
</html>
