3188 5414
666 506 868 566 CLEMENTIS
887 506 952 561 xiv

732 660 875 741 CXCIX,

225 876 227 881 ,
497 827 664 872 canusino
687 829 718 868 iu
740 827 873 869 cuarsuo
894 825 979 869 arcio
996 822 1115 873 unsrun

318 926 491 985 Joscpuo
512 927 553 985 IN
572 920 822 984 ROMANORUM
848 923 1128 983 inauuauoann
1150 925 1297 984 ulmo

540 1033 774 1132 crsuuuus
802 1033 930 1111 rara
957 1034 1063 1111 xia.
1140 1058 1143 1066 =

933 1234 936 1240 ,
1009 1185 1101 1240 licum,
1114 1190 1141 1232 15
1156 1184 1238 1246 aprilis
1251 1190 1321 1237 1772.

274 1296 444 1362 missinae,
457 1300 514 1352 etc.
531 1291 676 1352 Mittimus
693 1290 723 1350 iu
746 1288 901 1351 Potoniam
920 1286 1128 1351 Venerabilem
1147 1289 1285 1351 Fratrem
1300 1293 1388 1363 lose

230 1391 323 1470 phum
336 1389 605 1468 Arcbiepiscopum
617 1387 717 1467 Beryti
729 1393 763 1447 ut
774 1385 884 1447 ibidem
898 1386 997 1448 Nostri
1010 1393 1039 1447 et
1048 1388 1228 1468 Apostolicae
1238 1390 1325 1451 Sedis
1334 1394 1386 1452 Or-

230 1485 336 1547 dinarii
354 1484 463 1546 Nuucii
483 1502 594 1545 munus
610 1484 711 1545 obeat.
727 1483 786 1564 lpsi
799 1485 948 1565 praecipue
960 1476 1158 1564 accurateque
1171 1487 1385 1551 mandavimus

229 1583 390 1659 utstatim,
405 1601 475 1643 cum
490 1581 577 1643 isthic
595 1582 666 1659 erit,
686 1584 849 1644 cesaream
862 1583 1049 1663 Maiestatem
1064 1585 1162 1644 Tuam
1185 1585 1297 1663 adeat,
1312 1587 1384 1649 tibi-

229 1698 288 1759 que
303 1680 430 1740 salutem
444 1685 473 1739 et
486 1677 660 1740 felicitatem
674 1698 745 1740 cum
762 1678 927 1760 apostolica
939 1677 1149 1741 benedictione
1161 1682 1272 1742 uostris
1284 1683 1383 1744 verbis

228 1775 390 1856 impertiat.
406 1777 483 1835 Dum
501 1774 530 1834 id
543 1782 682 1855 peraget,
703 1793 764 1837 una
777 1775 879 1852 etiam,
897 1795 963 1857 qua
975 1782 1080 1838 nostra
1097 1777 1153 1855 sit,
1171 1796 1267 1858 quam
1282 1780 1382 1860 siugu-

187 1886 190 1890 ·
229 1874 299 1935 laris
318 1891 411 1954 quam
427 1873 536 1934 eximia
555 1891 648 1954 quam
659 1874 742 1936 omni
753 1873 842 1936 laude
857 1894 892 1936 ac
901 1874 1121 1936 existimatione
1140 1879 1297 1939 cumulata
1311 1879 1342 1940 in
1354 1887 1381 1939 te

165 1954 169 1969 ¹
226 1973 346 2048 caritas,
360 1971 512 2032 declarare
523 1971 716 2034 disertissime
727 1960 851 2052 quidem
863 1971 1035 2048 contendet,
1048 1971 1101 2032 sed
1114 1973 1230 2052 assequi
1244 1973 1380 2054 profecto

227 2068 350 2131 minime
368 2068 495 2150 poterit,
519 2068 576 2130 uisi
594 2070 706 2150 tuipse
726 2077 779 2130 tua
795 2086 960 2149 praecurras
979 2068 1050 2144 fide,
1063 2067 1207 2148 omnique
1228 2069 1381 2149 significa-

226 2169 306 2229 tione
320 2168 450 2245 majores
464 2185 529 2228 esse
545 2175 662 2229 nostros
679 2173 808 2248 peteme
822 2165 941 2247 pietatis
962 2165 991 2225 iu
1012 2172 1041 2226 te
1056 2164 1232 2227 sensus-tibi
1251 2183 1380 2246 persua-

224 2265 312 2327 deas:
333 2264 419 2338 Quod
441 2271 475 2325 ut
501 2271 640 2344 prestes,
663 2272 693 2326 te
715 2264 906 2326 vehementer
937 2280 1097 2342 rogamus,
1121 2269 1249 2342 utaque
1267 2263 1380 2326 idcirco

224 2362 376 2440 majorem
384 2360 417 2421 in
427 2361 551 2422 modium
560 2361 701 2441 petimus,
714 2361 787 2430 illud
801 2360 963 2435 existimes,
974 2359 1047 2421 nihil
1060 2359 1171 2421 scilicet
1184 2378 1275 2440 posse
1288 2363 1380 2429 blobis

226 2479 361 2541 unquam
373 2478 438 2522 esse
449 2461 574 2540 gratius,
586 2479 680 2540 quum
695 2467 729 2522 ut
740 2460 770 2520 id
783 2459 837 2520 tibi
850 2460 966 2540 reipsa,
980 2480 1018 2522 ac
1028 2461 1180 2542 prestanti
1193 2462 1297 2543 aliquo
1310 2464 1380 2527 offi-

226 2559 343 2640 ciorum
352 2575 461 2638 genere
472 2558 650 2620 continuare
660 2560 823 2620 valeamus.
837 2559 972 2619 Alterum
983 2578 1085 2639 porro,
1098 2559 1181 2640 quod
1193 2567 1300 2624 tecum
1313 2583 1380 2626 noe

225 2668 273 2719 tro
286 2658 409 2720 nomine
423 2657 579 2738 diiigenter
593 2665 659 2737 aget
671 2656 750 2725 idem
763 2654 946 2716 Venerabilis
966 2656 1080 2734 Frater,
1095 2657 1244 2735 ejusmodi
1263 2669 1333 2737 est,
1347 2672 1379 2723 ut.

223 2756 308 2818 facile
322 2755 467 2835 intelligas
477 2754 512 2815 id
519 2774 560 2815 ex
578 2753 732 2816 excellenti
753 2759 856 2814 nostra
869 2759 991 2813 tuamm
1004 2754 1150 2816 virtutum
1164 2773 1200 2815 ac
1214 2757 1377 2835 prassenmr

228 2853 442 2934 magnitudinis
459 2853 557 2914 *ammi
572 2860 604 2914 et
624 2852 774 2932 religionis
794 2851 933 2932 opinione
953 2851 1191 2932 proticiscifro
1209 2853 1278 2934 ipsa
1298 2855 1378 2917 aim

225 2952 338 3012 Polona
357 2950 508 3028 Ecclesia,
529 2967 647 3030 proque
661 2947 817 3010 catholica
829 2947 944 3009 ibidem
960 2947 1041 3025 fide,
1055 2950 1249 3029 cujusquam
1258 2950 1379 3012 afflictar

222 3066 303 3109 nuuc
320 3065 369 3108 res
383 3048 442 3113 sint
452 3053 626 3127 quantoque
641 3047 674 3106 in
692 3028 865 3107 discrimine
876 3052 1054 3120 versentur,
1066 3045 1260 3126 ipscoptime
1280 3047 1375 3122 nosti,

221 3151 306 3203 tuum
315 3150 433 3224 expetet
446 3162 553 3224 opem,
568 3151 621 3204 tua
630 3142 765 3223 presidia
774 3141 959 3221 implorabit.
974 3141 1087 3203 Deboc
1104 3149 1194 3205 antea
1206 3151 1308 3207 tecum
1318 3131 1375 3223 pei

223 3240 325 3300 literas
341 3248 446 3320 egerat
468 3260 512 3302 sa.
541 3259 601 3300 me.
627 3240 767 3300 Clemens
790 3242 857 3300 Xill
875 3240 1079 3302 Prudecessor
1094 3249 1241 3318 nudem
1259 3248 1373 3320 linque

220 3334 332 3416 pietate
343 3336 505 3416 plurimam
513 3337 645 3397 levanda
657 3336 828 3414 hujusmodi
842 3356 921 3400 curre
933 3346 991 3400 tue
1004 3357 1090 3419 spem
1102 3344 1279 3420 reportant.
1292 3341 1373 3402 cmi

221 3435 251 3495 in
266 3435 327 3495 Nos
343 3453 424 3496 nunc
443 3454 481 3496 eu
497 3435 673 3514 gravissima
689 3434 826 3497 reciderit
838 3436 1025 3513 sollicitudo,
1043 3455 1104 3498 non
1117 3437 1266 3499 minorem
1278 3437 1373 3500 ctiam

220 3531 392 3610 potiendam
404 3532 564 3595 statuimus
580 3532 612 3592 iu
626 3537 679 3592 tua
699 3532 827 3610 virtute,
842 3533 873 3594 in
888 3540 942 3595 tua
953 3533 1100 3595 auctorite
1112 3533 1270 3597 fiduciam.
1293 3536 1374 3609 Quas

220 3629 321 3709 itaque
334 3627 504 3709 pontificias
511 3647 568 3710 pro
578 3630 630 3690 liei
644 3647 736 3690 ceusu
745 3629 784 3690 ad
795 3637 825 3690 tc
836 3630 928 3706 idem,
938 3630 1122 3692 Venerabilis
1131 3632 1247 3708 mater,
1257 3630 1375 3695 dalem

219 3725 431 3805 processuum
440 3733 529 3808 atque
535 3727 876 3805 etiamteobsecrsmus,
886 3727 1037 3791 carissime
1044 3729 1075 3790 in
1084 3728 1372 3807 ourisufinmusr,

162 3813 166 3820 “
192 3822 194 3824 ’
218 3821 249 3884 id
257 3822 339 3904 apud
352 3828 381 3883 te
392 3822 505 3885 habere
513 3823 632 3904 pondus
643 3823 728 3899 valis,
740 3823 822 3903 quod
828 3831 888 3885 ture
895 3823 1032 3904 dignitati
1045 3824 1286 3904 tuoquemuncri
1295 3837 1374 3890 oon·-

219 3918 311 3981 venit.
326 3920 403 3981 Nam
422 3917 453 3980 iu
470 3936 605 3995 suumin,
627 3938 687 3999 quo
708 3919 888 3983 constitutus
900 3938 945 3996 es,
961 3919 1079 4000 imperii
1093 3919 1206 3999 gradu,
1221 3919 1374 4000 undum

217 4016 644 4098 caeterisquodamplissimum
654 4016 810 4097 suscepisti
821 4016 911 4096 primi
921 4017 1061 4079 Ecclesia
1068 4016 1372 4104 Defensorisnoemn,

218 4115 362 4178 sustinere
375 4115 507 4177 maxime
527 4133 563 4176 ac
582 4115 659 4177 tueri
679 4115 787 4192 debes,
808 4132 989 4197 omnemque
1006 4117 1078 4181 illuc
1101 4117 1243 4198 potentia
1259 4124 1331 4196 tum,
1345 4117 1372 4181 si

217 4230 294 4292 opus
310 4213 382 4291 erit,
395 4212 457 4275 vim
471 4212 641 4290 intendere,
654 4221 689 4274 ut
700 4219 786 4274 tauto
805 4214 918 4276 nomini
938 4215 1080 4287 consilia,
1099 4214 1296 4295 actionesque
1308 4222 1372 4285 tue

216 4309 416 4372 consentiant.
432 4309 560 4372 Proinde
571 4310 790 4373 immortalibus
804 4311 922 4390 ceteris,
939 4312 1047 4392 quibus
1059 4312 1372 4390 enitescisdaniiffluu

107 4443 109 4447 -
217 4404 371 4468 illamasse
381 4408 436 4469 tibi
448 4407 671 4471 anteiercudam
684 4410 811 4487 gloriam
819 4416 894 4491 puta
903 4431 970 4491 qua
979 4430 1016 4473 ex
1029 4419 1083 4475 tuo
1096 4431 1167 4498 erga
1175 4401 1369 4479 submonui

217 4502 390 4581 religionem
401 4507 500 4568 studio
513 4507 543 4568 in
555 4515 586 4569 te
598 4505 790 4586 redundabit,
804 4515 976 4589 quantoque
985 4528 1039 4590 per
1049 4509 1250 4571 Christianum
1259 4505 1368 4572 cibem
