3188 5414
471 539 648 594 EPlSTOLAE
666 538 710 591 ET
728 538 859 592 uuuvm
881 538 1114 594 SELECTIORA.
1314 528 1368 592 211

718 707 861 780 ccxix.

440 875 442 879 '
488 865 649 907 cnisstmo
671 867 704 907 lli
725 866 861 908 enatato
882 865 961 908 stato
983 867 1099 910 NOSTBO
1197 866 1199 871 '

226 958 230 1047 j
308 960 477 1022 rossano
497 962 539 1022 ru
560 963 810 1025 nouauonmr
831 932 1114 1026 manandum
1135 953 1282 1025 macro

531 1073 765 1156 CLEMENS
792 1080 920 1160 PAPA
947 1078 1052 1156 XIV.
1079 1065 1082 1070 ’

985 1229 1079 1287 Romae,
1096 1231 1125 1274 20
1141 1225 1220 1275 martii
1237 1229 1304 1276 1771.

260 1323 432 1391 Carissimo,
451 1329 508 1386 etc.
530 1321 593 1383 Etsi
606 1329 710 1384 nostra
728 1340 784 1402 pro
805 1319 1012 1383 incolumitate
1024 1317 1182 1380 Catholice
1196 1318 1226 1380 iu
1240 1319 1369 1380 Polonia

220 1415 369 1497 religionis
380 1416 481 1480 officia
491 1435 527 1479 ao
539 1417 637 1481 studia
648 1419 686 1480 ad
698 1421 863 1481 cesaream
876 1417 1065 1494 Maiestatem
1076 1415 1174 1476 Tuam
1185 1414 1284 1477 delata
1293 1435 1369 1496 sape

219 1513 347 1590 inerint,
364 1520 454 1594 atque
467 1520 527 1576 ate
539 1511 732 1578 libentissime
741 1521 883 1596 excepta,
897 1519 999 1575 tamen
1012 1520 1110 1592 neque
1122 1511 1246 1572 nimiam
1261 1530 1296 1573 ac
1315 1531 1376 1573 su-¹

219 1624 437 1687 pervacaneam
460 1608 514 1670 tihi
537 1609 635 1671 visum
657 1609 693 1672 iri
715 1617 849 1674 nostram
871 1607 1118 1688 sollicitudinem,
1134 1624 1232 1687 neque
1256 1612 1286 1668 te
1309 1625 1369 1668 non

218 1708 328 1769 eodem
342 1708 454 1786 animo,
468 1727 530 1789 quo
547 1709 668 1771 aNobis
677 1708 855 1771 deferuntur
867 1708 919 1769 illa
930 1711 1125 1786 accepturum
1136 1710 1291 1784 putamus,
1304 1722 1371 1785 que

219 1805 263 1866 rei
273 1804 479 1884 magnitudine
490 1825 526 1867 ac
540 1807 673 1887 periculo
687 1805 831 1868 commoti
841 1805 902 1866 hoc
915 1811 1051 1882 tempore
1065 1801 1102 1862 ad
1116 1807 1147 1862 te
1156 1800 1371 1881 perscribenda

219 1901 369 1965 ducimus.
385 1903 548 1982 Singularis
563 1904 644 1964 enim
656 1920 692 1965 ao
704 1919 825 1964 summa
836 1905 888 1962 tua
901 1901 1009 1981 pietas,
1021 1905 1051 1960 et
1063 1916 1134 1959 cum
1145 1898 1371 1978 preclarissima

217 1998 345 2064 laudum
362 2000 499 2062 omnium
512 2000 685 2063 hereditate
704 2018 723 2061 a
738 1999 903 2078 majoribus
922 1997 983 2060 tuis
995 1997 1027 2058 in
1046 2004 1075 2058 te
1092 1997 1284 2059 transmissus
1298 1999 1370 2058 reli-

218 2097 316 2176 gionis
325 2096 441 2159 tuenda
455 2099 544 2159 ardor
555 2098 593 2159 ad
605 2097 740 2176 eiusdem
750 2095 953 2177 patrocinium
963 2093 1370 2176 suscipiendumteproleeto
1471 2118 1473 2123 ’

218 2213 256 2256 eo
271 2193 368 2256 acrius
378 2194 535 2273 excitabit,
556 2202 645 2276 atque
659 2194 806 2276 impellet,
818 2211 879 2273 quo
899 2191 1036 2272 graviore
1056 2191 1085 2251 in
1106 2190 1276 2252 discrimine
1294 2210 1380 2253 ver-2

219 2297 337 2352 sautem
349 2309 418 2353 eam
426 2291 520 2370 vides,
532 2300 564 2353 et
575 2310 636 2372 quo
647 2292 867 2370 maioremetu,
881 2296 971 2369 atque
986 2306 1098 2368 angore
1111 2289 1171 2349 Nos
1185 2288 1241 2368 ipsi
1253 2297 1375 2367 pertur:

219 2386 282 2447 bati
301 2393 332 2449 te
345 2394 505 2469 propterea
527 2387 760 2470 compellamus,
781 2393 927 2466 tuamque
947 2402 1037 2464 opem
1060 2402 1096 2445 ac
1117 2385 1245 2446 tutelam
1259 2401 1370 2465 expos·
1413 2444 1417 2450 .

219 2483 325 2546 cimus.
341 2484 499 2559 Quomodo
508 2485 590 2546 enim
606 2502 766 2565 possumus
782 2482 865 2543 taciti
874 2480 1025 2562 praeterire
1037 2486 1090 2541 aut
1101 2497 1163 2541 non
1179 2480 1371 2541 vehementer

221 2583 289 2664 angi
305 2583 423 2646 damnis
444 2602 480 2646 ac
499 2583 686 2647 detrimentis
706 2581 860 2661 Ecclesia,
877 2582 965 2661 cnjus
978 2578 1148 2643 sollicitudo
1165 2579 1306 2663 imposita
1326 2588 1371 2641 est

220 2680 311 2744 Nobis
326 2681 549 2763 arctissimeque
560 2682 792 2744 commendatat
804 2685 845 2743 lie
859 2684 946 2760 cujus
955 2680 1081 2761 proinde
1093 2680 1280 2742 removendis
1294 2679 1371 2758 inju-

220 2779 271 2840 riis
282 2779 306 2840 si
318 2797 378 2841 non
390 2797 513 2840 omnem
527 2777 717 2854 industriam,
733 2784 822 2858 atque
836 2794 961 2858 operam
975 2777 1184 2855 adhibeamus,
1195 2775 1304 2837 deserti
1316 2775 1370 2835 mi-

220 2875 333 2935 nisterii
346 2874 442 2936 nostri
455 2874 570 2935 crimen
592 2893 628 2935 ac
642 2873 815 2954 turpitudo,
836 2880 926 2955 atque
940 2880 1055 2936 aterna
1068 2873 1160 2958 etiam
1180 2871 1375 2934 animadvers

221 2971 313 3032 sionis
336 2971 482 3033 severitas
509 2970 631 3033 omnino
653 2976 701 3032 est
723 2971 817 3033 Nobis
843 2971 1034 3033 incurrenda.
1061 2969 1214 3050 Siquidem
1234 2968 1377 3030 videmus·
1459 3011 1475 3039 .

221 3085 376 3130 summum
394 3068 425 3129 in
443 3067 602 3130 discrimen
619 3066 781 3131 adductam
799 3087 863 3130 esse
885 3069 975 3130 divini
996 3069 1026 3130 in
1038 3067 1162 3134 Potonia
1175 3067 1274 3129 cultus
1296 3065 1371 3128 inte-

220 3165 359 3246 gritatem
380 3172 411 3228 at
426 3166 456 3227 in
472 3165 620 3248 proximis
632 3166 715 3246 regni
735 3166 864 3228 comitiis
874 3167 1020 3247 plurimas
1042 3164 1199 3226 imminere
1211 3162 1379 3225 Catholicae·

220 3267 288 3329 tidei
300 3266 499 3345 calamitates,
515 3285 587 3328 cum
601 3266 640 3327 de
650 3264 868 3327 labefactandis
879 3265 995 3344 legibus
1006 3282 1062 3344 pro
1073 3263 1152 3325 illius
1163 3262 1369 3328 incolumitate

221 3365 352 3443 sancitis,
364 3372 394 3427 et
403 3365 442 3428 de
456 3363 673 3429 florentissimis
681 3365 826 3427 Ecclesiae·
838 3364 970 3445 populis,
985 3371 1075 3444 atque
1088 3363 1160 3425 huic
1170 3364 1203 3426 S.
1218 3362 1287 3424 Sedi
1296 3381 1367 3424 con-

223 3462 416 3541 junctissimis
430 3462 677 3540 abunitatetidei,
689 3468 778 3543 atque
788 3461 908 3523 aNobis
918 3460 1125 3523 abstrahendis
1135 3466 1317 3540 magnopere
1329 3459 1364 3520 ti·

222 3577 370 3621 meamus.
383 3559 412 3620 Si
422 3560 453 3621 in
465 3560 670 3641 superioribus
679 3557 771 3621 etiam
782 3557 911 3619 comitiis
928 3576 1100 3637 permagna
1109 3557 1236 3618 iuemnt·
1245 3575 1288 3617 sa.
1304 3574 1363 3616 me.

223 3653 448 3716 Praedecessoris
457 3655 550 3716 nostri
564 3656 718 3733 molestie,
733 3672 768 3716 ac
777 3652 912 3730 timores,
923 3670 993 3714 cum
1008 3653 1047 3714 ad
1059 3651 1368 3733 reprimendosdissi-

221 3751 357 3813 dentium
369 3758 495 3813 conatus
503 3752 590 3813 multi
599 3759 670 3814 tuno
688 3752 838 3827 adessent,
854 3759 945 3831 atque
957 3750 1096 3813 acerrimi
1106 3751 1239 3814 veritatis
1252 3768 1369 3831 propu-

221 3855 361 3926 gnatores
378 3870 385 3910 :
400 3847 453 3928 qui
469 3854 572 3909 noster
583 3866 669 3909 nunc·
683 3848 812 3924 animus,
825 3865 892 3930 quae
903 3846 1015 3910 doloris
1030 3847 1178 3909 acerbitas
1187 3865 1253 3910 esse
1266 3845 1380 3922 debet,

222 3967 292 4009 cum
301 3949 466 4010 eorundem
478 3946 648 4008 defensione
659 3948 719 4008 Nos
734 3945 905 4024 destitutos,
921 3952 1011 4026 atque
1022 3943 1197 4009 imminutos
1209 3942 1307 4025 gregis
1318 3942 1377 4003 ni-.
1490 3942 1493 3945 ’

222 4044 295 4122 giles
316 4064 351 4106 ac
373 4043 524 4121 custodes,
547 4048 670 4104 arictum
693 4050 794 4105 autem
817 4061 883 4104 esse
902 4060 1063 4103 numerum
1078 4042 1235 4104 videamus
1255 4044 1368 4120 segetes

223 4141 497 4221 corrumpentium,
513 4147 543 4202 et
555 4138 666 4201 zizama
678 4138 709 4201 in
720 4158 792 4220 agro
802 4141 920 4202 Domim
937 4141 1152 4222 spargentium.
1167 4143 1227 4203 Nos
1244 4139 1367 4221 quidem

224 4254 279 4315 pro
298 4245 401 4299 nostro
415 4245 530 4299 aeterna
544 4236 713 4298 animarum
733 4237 836 4299 salutis
856 4243 887 4299 et
908 4240 1020 4300 Domus
1032 4239 1121 4300 lsrael
1141 4236 1367 4300 tuendaestudio

222 4357 419 4419 quacumque
430 4338 574 4420 prestari,
590 4343 680 4419 atque
690 4335 823 4398 adhiberi
833 4355 851 4397 a
863 4353 1018 4397 sacrorum
1030 4336 1118 4415 duce,
1131 4342 1221 4416 atque
1235 4334 1367 4397 antistite

219 4443 397 4516 potuerunt,
410 4437 515 4498 eadem
526 4436 727 4498 adhibuimus.
741 4433 881 4495 Ecclesia
897 4453 933 4495 ac
943 4434 1092 4514 religionis
1109 4439 1262 4495 arictoram
1273 4435 1367 4495 Deum

223 4537 258 4594 Ο.
271 4537 310 4598 hl.
326 4543 355 4597 et
372 4535 494 4617 privatis
511 4535 621 4598 nostris
638 4542 668 4597 et
682 4531 808 4613 publicis
824 4531 927 4612 populi
941 4531 1017 4594 votis
1028 4531 1188 4612 implorare
1201 4549 1367 4610 numquam
