3188 5414
660 501 860 556 clamantis
880 500 945 555 XlV

703 700 896 768 CCerVlll.

683 856 811 897 DlLECTO
833 854 920 897 aram

466 959 676 1019 FRANClSCO
696 961 871 1021 XlMENEz
891 962 942 1021 DE
964 962 1136 1031 saxam,

188 1095 195 1109 ·
315 1083 498 1131 rrosrrmms
515 1086 539 1129 s.
557 1083 685 1132 roi-mnis
701 1084 983 1135 armosonmrmm
1001 1087 1111 1135 rische
1128 1087 1305 1146 assemano,

540 1198 773 1289 CLEMENS
802 1202 929 1277 ΡΑΡΑ
957 1201 1067 1277 xm.-

1011 1367 1109 1426 llamm,
1127 1371 1153 1413 15
1165 1365 1215 1412 urai
1231 1368 1299 1417 1774.

270 1471 402 1539 maeste,
418 1477 473 1531 etc.
495 1471 564 1545 Qua
588 1477 689 1532 nostra
701 1470 757 1547 sit,
773 1488 863 1550 quam
887 1471 1004 1550 prolixa
1024 1477 1113 1551 atque
1135 1470 1249 1533 eximia
1266 1489 1336 1551 erga
1349 1480 1377 1532 tc

228 1573 374 1646 tuumque
387 1567 522 1628 inclitum
538 1567 679 1629 Ordinem
690 1569 847 1644 voluntas,
866 1586 934 1647 qnae
947 1567 1152 1649 praestantium
1171 1566 1203 1627 in
1216 1568 1376 1647 rempubli-

228 1681 297 1723 cam
310 1662 504 1725 christianam
514 1664 689 1725 meritorum
703 1665 902 1742 existimatio,
915 1672 946 1726 et
960 1684 1020 1745 quo
1032 1664 1145 1725 idcirco
1159 1663 1262 1725 studio
1277 1661 1374 1725 incen-

227 1761 348 1839 damur,
357 1769 390 1823 ut
402 1763 439 1824 ad
451 1764 726 1843 egregiamajorum
738 1770 906 1826 vestrorum
916 1764 1039 1825 militari
1048 1763 1157 1824 virtute
1169 1752 1226 1843 pro
1235 1763 1375 1843 religione

229 1866 312 1938 parta
327 1860 436 1921 decora
444 1906 452 1936 ,
465 1878 543 1921 nova
558 1879 611 1940 per
625 1879 678 1922 vos
691 1862 744 1923 fiat
755 1881 876 1943 semper
886 1862 988 1941 gloriae
1000 1880 1036 1922 ac
1053 1860 1220 1941 splendoris
1238 1860 1369 1922 accessio

227 1956 357 2018 uberiori
376 1957 592 2037 significatione
604 1959 707 2022 testari
720 1960 774 2023 tibi
786 1961 893 2022 dilecte
906 1960 960 2038 nli,
974 1978 1035 2022 non
1045 1977 1227 2040 possumus,
1241 1959 1294 2040 qui
1305 1978 1373 2040 pra·

228 2050 342 2116 claram
355 2054 386 2117 in
402 2055 646 2135 praestantissimo
660 2057 764 2119 ordine
778 2058 983 2135 moderanda,
995 2060 1177 2139 plenamque
1192 2057 1372 2132 sedulitatis,

226 2170 261 2213 ac
273 2152 426 2233 sapientia
444 2152 499 2214 das
513 2172 655 2234 operam,
676 2174 768 2236 quarn
791 2157 814 2217 si
835 2156 916 2217 dono
935 2155 973 2221 ad
993 2162 1023 2217 te
1045 2155 1201 2217 mittamus
1220 2157 1331 2217 Ensem
1346 2164 1374 2216 et

225 2249 359 2327 Pileum‚
375 2249 536 2329 quosdam
554 2251 690 2314 natalitia
698 2255 732 2315 D.
744 2255 781 2314 N.
795 2255 867 2315 lesu
877 2252 985 2314 Christi
997 2251 1140 2332 mysteria
1148 2269 1372 2332 perageremus,

150 2378 153 2385 ·
225 2349 349 2410 solemni
363 2348 579 2412 benedictionis
591 2350 649 2412 ritu
660 2350 910 2429 consecravimus,
926 2367 1061 2432 quosque
1075 2349 1204 2410 Romani
1213 2348 1373 2410 Pontifices

226 2445 459 2524 praedecessores
481 2445 575 2507 nostri
590 2447 628 2507 sd
645 2465 770 2526 magnos
790 2466 867 2528 saepe
885 2445 1058 2527 PrincipeS,
1073 2444 1124 2527 qui
1143 2464 1266 2507 summa
1282 2445 1370 2506 animi
1422 2521 1424 2527 Ι

223 2542 399 2606 tortitudine
424 2543 620 2605 christianam
644 2560 710 2606 rern
731 2543 1007 2624 propugnarerlnt,
1028 2561 1083 2605 suo
1105 2544 1234 2609 nomine
1258 2541 1371 2603 deferre

224 2641 395 2702 voluerunt.
406 2641 519 2721 Excipe
534 2640 646 2721 itaque,
663 2640 772 2702 dilecte
784 2640 839 2714 fili,
856 2640 915 2702 hcc
927 2640 1180 2721 spatemoplane
1193 2639 1297 2701 animo
1306 2658 1372 2720 pro

222 2736 335 2798 fectum
351 2756 472 2815 munus,
485 2745 519 2799 nt
532 2738 617 2800 vohis
631 2745 732 2800 unaet
745 2737 956 2800 excellentium
962 2738 1087 2800 laudum
1101 2737 1263 2818 premium
1274 2738 1352 2799 silet
1363 2784 1371 2811 ,

222 2834 429 2914 augendorum
450 2836 646 2916 inposterum
662 2836 839 2897 meritorum
849 2834 1090 2899 incitamentum.
1107 2839 1141 2898 ln
1158 2855 1195 2897 eo
1216 2839 1371 2919 proposita

221 2935 306 2998 vobis
318 2955 385 2998 esse
398 2937 525 2999 eoelestis
540 2936 606 3017 opis
624 2955 659 2998 ac
677 2935 806 3017 presidii
825 2935 952 3015 pignora
964 2937 1153 3014 existimate,
1166 2936 1279 3016 quibus
1296 2936 1371 2998 lrela

146 3044 149 3048 ’
222 3039 312 3113 atque
333 3033 436 3095 innixa
453 3032 796 3114 Hierosolymitsnorum
808 3031 940 3094 militurn
957 3034 1051 3094 virtus
1069 3032 1100 3093 in
1118 3033 1291 3114 preliandis
1309 3037 1372 3094 Do-

220 3128 294 3190 mini
304 3129 414 3210 preliis
424 3129 667 3210 debellandisque
678 3136 787 3191 nostra
798 3129 869 3191 fidei
881 3128 1018 3192 hostibus
1029 3128 1128 3192 acrior
1138 3130 1236 3192 multo
1244 3130 1370 3199 evadat,

136 3241 140 3249 ’
220 3244 310 3306 seque
332 3228 398 3308 ipss
422 3229 518 3306 major
542 3237 631 3309 atque
659 3228 820 3290 incitatior.
848 3231 926 3291 Turn
953 3235 1062 3290 nostrae
1088 3227 1161 3290 huic
1176 3227 1316 3308 singulari
1338 3228 1370 3289 in
1437 3286 1439 3293 Α

219 3341 273 3383 vos
285 3322 498 3388 benevolentia
513 3325 677 3406 pietatique
697 3325 838 3405 preclare
856 3317 1042 3387 satisfactum
1056 3344 1122 3387 esse
1144 3344 1199 3407 per
1224 3344 1278 3389 aus
1303 3344 1370 3406 pu-

219 3420 368 3499 tabimus,
383 3440 454 3485 cum
470 3422 500 3483 in
523 3423 586 3484 dies
605 3421 782 3502 ampliorem
803 3421 888 3484 istius
901 3421 1015 3484 ordinis
1032 3421 1221 3485 efflorescere
1240 3423 1369 3503 gloriam

46 3499 49 3508 ¹
139 3506 147 3514 ’
219 3534 254 3581 ex
276 3520 427 3600 praularia
448 3519 580 3581 consiliis
603 3518 755 3600 gestisque
779 3520 884 3581 vestris
907 3520 1102 3582 intuebimur.
1131 3520 1191 3582 Sed
1218 3520 1283 3583 hasa
1307 3541 1369 3584 non

219 3622 281 3676 tam
296 3615 435 3693 hortandi
453 3617 560 3692 vestri,
574 3615 657 3696 quod
676 3616 800 3678 minime
813 3635 935 3679 necesse
949 3624 995 3678 est
1006 3663 1015 3694 ,
1026 3635 1120 3698 quam
1134 3618 1367 3681 commendandi

218 3712 405 3795 ornandique
423 3715 520 3794 gratia
541 3715 685 3791 dicimus,
709 3715 843 3794 certique
865 3714 956 3794 plone
973 3733 1082 3777 sumus
1101 3714 1157 3777 tihi
1178 3733 1236 3795 pro
1258 3717 1368 3778 eximia

219 3820 271 3872 tua
291 3812 321 3873 in
342 3813 403 3874 Nos
422 3812 458 3875 so
471 3815 614 3875 Sanctam
635 3813 713 3873 hanc
733 3812 842 3873 Sedem
863 3811 1054 3874 observantia
1076 3812 1284 3892 gratissimum
1305 3813 1368 3876 lora

218 3910 332 3977 munus
349 3911 409 3972 hoo
432 3921 566 3973 nostrum
587 3911 670 3992 quod
687 3910 727 3972 ad
747 3917 777 3970 te
796 3909 910 3972 deleret
921 3910 1048 3972 dilectus
1062 3910 1142 3973 filius
1164 3909 1368 3992 Hieronymus

217 4007 391 4073 Bonannius
403 4007 558 4087 utriusque
571 4008 732 4088 signatores
742 4013 853 4068 nostra
863 4006 1092 4083 referendarius,
1107 4013 1137 4068 et
1151 4007 1182 4069 8.
1198 4007 1368 4087 Gougrsgs·

217 4106 306 4168 tichis
333 4105 458 4167 Rituum
486 4106 661 4182 consultor,
684 4105 853 4185 nostrisque
876 4107 974 4168 verbis
992 4109 1022 4168 in
1048 4092 1221 4169 differendo
1239 4107 1368 4188 amplis-

217 4201 309 4279 sime,
335 4209 425 4281 prout
446 4201 501 4282 ipsi
527 4201 556 4262 in
573 4202 722 4264 mandatis
736 4201 892 4278 dedimus,
916 4208 1123 4283 prosequetur.
1139 4201 1247 4264 Eidem
1264 4203 1370 4284 itaque

218 4299 356 4360 volumus
378 4306 412 4360 nt
436 4316 557 4360 ornnem
580 4298 721 4361 adhibeas
745 4299 835 4362 fidem
853 4301 883 4361 in
913 4299 948 4360 iis
972 4319 1037 4380 que
1060 4298 1098 4360 de
1118 4298 1250 4380 plurima
1263 4306 1368 4362 nostra

217 4395 247 4455 in
274 4401 318 4472 te,
343 4404 488 4477 tuumque
516 4397 651 4457 ordinem
673 4397 799 4459 caritate
826 4397 985 4477 studioque
1014 4397 1212 4476 significabit,
1227 4393 1292 4478 quo
1312 4417 1369 4478 pro

217 4511 270 4553 sua
293 4491 444 4571 diligentia
471 4512 505 4554 ae
532 4493 591 4555 fide
614 4496 850 4557 cumulatissime
871 4497 1069 4576 praestituram
1093 4514 1152 4557 non
1175 4495 1367 4558 dubitamus.
