3188 5414
656 504 861 561 ccauanrrs
880 506 947 558 xrv

770 656 835 725 Cli.

487 803 651 847 canresmu
673 804 707 845 ur
730 803 864 846 cuursro
886 801 968 844 rrum
992 801 1109 843 ausano

232 932 234 939 ,
331 906 529 968 Lunuvruu
550 906 792 967 Francorum
811 906 904 966 uuu1
926 904 1267 966 cnursrmnlssmro

535 1028 769 1107 crunnus
796 1029 925 1106 rara
952 1024 1059 1142 xus.

933 1182 1029 1238 nomae,
1041 1185 1071 1229 aa
1083 1179 1225 1241 septembris
1240 1183 1312 1230 ¹77⁰.

232 1312 236 1318 ·
263 1283 442 1356 causam,
457 1292 516 1346 etc.
533 1287 595 1347 Etsi
617 1286 743 1347 libenter
756 1286 945 1365 Maiestatem
957 1287 1055 1346 Tuam
1071 1300 1214 1364 rogamus
1235 1283 1275 1345 de
1295 1287 1383 1365 regio

222 1391 275 1444 tuo
288 1382 427 1444 Ecclesia
441 1383 533 1444 Nobis
549 1385 715 1446 commissa
728 1378 896 1466 praestando
907 1385 1076 1465 patrocinio
1089 1402 1160 1446 oum
1171 1383 1309 1462 ejusdem
1323 1405 1381 1448 ra-

221 1481 317 1542 tiones
335 1481 488 1561 postulare
508 1480 540 1542 id
555 1481 704 1560 videntur,
727 1481 823 1545 multo
836 1488 937 1544 tamen
958 1482 1099 1545 libentius
1111 1481 1224 1562 gratias
1238 1482 1378 1562 agimus,

191 1652 192 1655 Ἴ
220 1594 291 1637 (mm
311 1577 478 1658 praestantis
492 1577 584 1638 animi
596 1577 639 1639 tui
655 1579 755 1640 studia
773 1579 843 1641 illuc
854 1579 971 1659 egregie
982 1597 1128 1641 conversa
1140 1585 1170 1639 et
1184 1579 1297 1640 collata
1309 1598 1379 1641 esse

221 1671 383 1733 intuemur.
397 1673 431 1733 ld
441 1691 536 1753 nuper
548 1693 566 1735 a
577 1680 623 1752 te,
645 1675 798 1737 carissime
810 1676 841 1736 in
857 1675 975 1737 Christo
989 1675 1031 1737 illi
1045 1681 1158 1752 noster,
1179 1664 1296 1736 iactum
1309 1695 1378 1738 esse

220 1767 428 1830 maximarum
435 1770 588 1850 voluptate
597 1775 813 1852 perspeximus.
822 1773 896 1834 Gum
902 1772 982 1834 euim
990 1772 1216 1853 opportunitate
1225 1773 1376 1852 temporis

220 1866 282 1943 usi,
303 1886 367 1948 quo
382 1868 566 1930 venerabiles
585 1868 693 1932 fratres
716 1870 817 1932 Galliae
834 1868 967 1950 episcopi
991 1870 1021 1930 in
1044 1869 1174 1932 comitiis
1197 1871 1375 1948 congregali

136 2020 139 2028 .
219 1969 351 2051 statuere
361 1967 473 2048 aliquid
485 1976 592 2031 contra
601 1970 709 2052 impias
719 1969 918 2050 scriptorum,
936 1987 1002 2049 quae
1011 1968 1145 2050 quotidie
1156 1968 1373 2052 ungebantur,

218 2065 374 2146 opiniones
388 2068 496 2129 vellent
503 2113 511 2146 ,
524 2067 649 2130 eosdem
658 2067 711 2128 tibi
722 2085 778 2149 pro
790 2066 843 2128 Dei
856 2085 949 2128 causa
960 2067 1165 2128 consultantes
1177 2065 1375 2126 vehementer

218 2161 529 2242 commendaremus,
540 2170 594 2226 tua
604 2163 645 2224 illi
660 2163 820 2243 religione,
831 2168 884 2224 tuo
900 2162 1070 2243 patrocinio
1080 2161 1148 2223 freti
1162 2179 1198 2222 ea
1210 2178 1376 2241 suscepere

112 2280 115 2286 ’
218 2260 358 2338 consilia,-
378 2280 445 2341 quac
464 2280 511 2324 ree
533 2262 596 2341 ipsa
618 2261 807 2341 postulabat3
827 2267 919 2341 tuque
934 2261 997 2342 ipse
1018 2259 1244 2342 sapientisSimis
1262 2259 1373 2338 jussis,

218 2365 310 2437 atque
328 2354 508 2419 auctoritate
522 2364 576 2419 tua
595 2358 754 2437 praeclara,
771 2376 807 2418 ac
821 2357 939 2437 egregia
951 2357 1040 2437 regie
1056 2356 1174 2436 jamdiu
1189 2357 1220 2416 in
1242 2362 1274 2416 te
1291 2358 1376 2435 per-

218 2460 326 2535 specto
335 2454 421 2531 fidei,
437 2470 473 2516 ac
485 2454 603 2516 virtutis
611 2455 792 2518 documenta
801 2456 963 2517 renovastis
977 2454 1191 2517 Incredibiliter
1205 2473 1289 2531 sane,
1300 2471 1375 2515 cum
1440 2534 1441 2538 Ἰ

217 2552 285 2613 bac
291 2551 383 2613 Nobis
397 2551 589 2630 referrentur,
605 2552 693 2614 lutati
707 2567 828 2631 sumus,
845 2572 880 2615 ac
893 2553 1075 2635 omnipentis
1088 2545 1140 2616 Dei
1152 2554 1243 2634 opem
1260 2560 1376 2635 presto

218 2662 283 2710 esse
308 2648 500 2729 agnovimus,
516 2650 568 2729 qui
585 2667 675 2712 suum
688 2651 807 2712 Numen
822 2653 1081 2715 contemnentium
1093 2653 1253 2715 temeritati
1280 2660 1376 2734 atque

217 2746 337 2808 insania
351 2765 423 2808 eurn
443 2747 474 2808 iu
487 2747 614 2808 modum
634 2747 787 2809 restiterit.
807 2748 874 2808 Tibi
893 2748 993 2829 itaque
1013 2751 1077 2828 ejus
1091 2768 1188 2811 causae
1205 2751 1317 2815 vindici
1331 2757 1376 2818 ob

217 2849 388 2929 hujusmodi
401 2857 458 2912 tuae
469 2850 571 2931 gloria
592 2849 812 2911 incrementum
824 2855 886 2910 tam
900 2847 1000 2925 enixe,
1014 2866 1050 2910 ac
1060 2854 1124 2910 tam
1136 2848 1244 2931 cupide
1261 2859 1376 2930 gratu-

216 2950 325 3027 lamur,
338 2956 497 3031 tantasque
514 2948 678 3025 babemus,
696 2966 733 3010 ae
753 2954 817 3009 tam
829 2946 1016 3008 immortales
1030 2946 1158 3026 gratias,
1173 2954 1207 3009 ut
1224 2949 1376 3012 alacriore

217 3063 253 3105 ac
270 3044 468 3108 luculentiore
484 3044 576 3107 animi
591 3044 685 3106 nostri
705 3063 794 3106 sensu
815 3044 845 3104 id
866 3044 965 3124 ipsum
979 3046 1138 3124 praestare,
1154 3064 1261 3126 acprao
1276 3047 1376 3111 Nobis

217 3140 294 3202 serre
300 3147 501 3222 nequeamus.
515 3142 662 3202 Videmus
676 3142 758 3202 enim
768 3160 804 3202 ea
825 3159 857 3202 re
868 3140 1040 3202 consultum
1059 3148 1120 3202 ate
1131 3142 1245 3223 optime
1259 3160 1326 3206 ease
1338 3154 1375 3207 et

217 3235 350 3315 religioni
358 3266 369 3314 ‚=
386 3239 468 3318 quod
481 3238 614 3299 maxime
634 3237 792 3314 intererat,
813 3243 843 3298 et
865 3244 923 3298 tua
938 3238 1043 3318 tuique
1057 3238 1139 3318 regni
1154 3239 1321 3316 securitati,
1338 3249 1375 3304 et

217 3333 399 3414 populorum
412 3352 430 3395 a
443 3337 505 3395 Deo
518 3333 573 3395 tibi
586 3333 838 3411 commissorum,
860 3334 970 3396 intima
981 3335 1188 3416 tranquillitati
1204 3356 1240 3398 ac
1258 3337 1368 3418 quieti.

217 3434 282 3506 Qua
295 3430 417 3493 'ratione
435 3431 584 3512 siquidem
605 3431 687 3492 salva
699 3437 789 3513 atque
808 3431 968 3493 incolumis
979 3449 1053 3494 -esse
1067 3450 1115 3494 res
1135 3433 1234 3495 omnis
1245 3422 1375 3514 publica

217 3528 333 3612 potest,
351 3549 421 3592 cum
437 3549 504 3612 qua
518 3530 713 3592 sanctissimo
723 3530 875 3610 religionis
893 3530 962 3608 jure
982 3536 1083 3610 septa,¹
1099 3536 1129 3591 el
1148 3531 1266 3592 munita
1280 3540 1371 3612 sunt,

216 3631 323 3700 eadem
334 3630 847 3715 per-summamabsurdissimarum
859 3628 1038 3711 opinionum
1056 3629 1277 3690 immanitatem
1290 3618 1380 3694 oon--

143 3723 145 3727 ’
217 3730 384 3794 vellantur?
397 3731 467 3792 Hae
479 3732 544 3793 Nos·
554 3729 682 3793 mirifice
697 3729 727 3791 in
742 3748 778 3791 ea
789 3727 969 3790 confirmant
982 3725 1094 3789 fiducia
1104 3772 1112 3804 ,
1124 3726 1199 3789 nihil
1218 3726 1374 3807 imposte-

217 3828 286 3889 r'um
305 3827 336 3889 in
351 3827 410 3889 hoo
432 3845 539 3907 genere
556 3826 692 3889 accidere
704 3843 820 3906 posse,
835 3825 866 3886 in
885 3843 948 3905 quo
962 3841 1024 3885 non
1044 3829 1113 3884 ante
1128 3822 1181 3884 tibi
1199 3821 1372 3902 gratiarum

218 3925 359 4004 articula,
371 3944 465 4006 quam
476 3923 746 3988 commendationis
762 3923 896 3986 officium
911 3924 951 3987 sit
964 3924 1087 3987 aNobis
1097 3923 1304 3989 deferendum.
1319 3927 1371 3988 Ad

217 4022 271 4084 lias
284 4024 421 4105 publicas
430 4029 462 4084 et
474 4023 664 4102 gravissimas
672 4015 750 4104 grati
761 4022 816 4083 tibi
829 4023 922 4084 animi
934 4024 1027 4087 nostri
1039 4023 1209 4086 declarandi
1222 4023 1370 4106 rationes,

218 4122 332 4184 aceedit
346 4120 437 4184 etiam
454 4121 629 4202 peculiaris,
645 4121 796 4203 Nobisque
808 4120 1028 4199 jucundissima
1042 4140 1134 4184 causa
1151 4120 1369 4201 humanitatis,

216 4221 390 4300 patrocinii,
410 4239 446 4283 ae
459 4219 561 4301 gratia
582 4226 639 4282 tua
652 4239 712 4301 qua
725 4219 926 4282 venerabilem
940 4221 1064 4283 tratrem
1077 4218 1297 4283 Bernardinum
1320 4238 1372 4281 ar-

216 4315 442 4400 chiepiscopum
452 4321 672 4380 Damascenum
682 4319 828 4381 nuncium
840 4318 920 4400 apud
929 4326 959 4380 te
969 4327 1106 4381 nostrum
1117 4336 1171 4400 pro
1181 4317 1262 4398 regia
1272 4316 1369 4379 animi

216 4415 259 4475 tui
274 4414 473 4496 benignitate,
487 4437 523 4480 ac
537 4417 566 4479 iu
580 4419 641 4480 Nos
650 4418 761 4499 pietate
772 4418 990 4499 complecteris.
1007 4418 1131 4499 Egregie
1144 4417 1182 4479 ab
1191 4415 1299 4478 eodem
1313 4434 1371 4478 sa-

215 4511 318 4574 tisfieri
333 4531 387 4575 suc
402 4534 419 4576 a
432 4514 524 4578 Nobis
537 4515 679 4596 imposito
693 4516 809 4578 muneri
823 4515 980 4597 perspicue
995 4515 1201 4594 intelligimus,
1217 4531 1288 4575 cum
1301 4519 1370 4574 tarn
