3188 5414
220 490 252 537 rt
649 482 854 536 cernentis
872 482 935 535 xlv

217 592 322 649 nostra
337 586 430 647 etiam
441 603 533 646 eausa
545 595 670 665 paterno
683 585 784 647 unimo
797 588 938 666 exceptas
951 603 1016 646 csse
1027 603 1080 664 per
1096 590 1127 644 te
1144 590 1235 665 atque
1250 585 1374 664 adjutus

217 681 308 758 velis,
323 689 364 758 et,
379 681 403 742 si
419 681 490 742 utile
504 698 540 742 ao
557 689 762 762 opportunum
776 681 858 761 quod
874 680 1024 760 suscipere
1039 680 1167 761 eupiunt
1182 680 1300 743 vivendi
1316 701 1373 763 ge·

218 795 292 854 uus,
310 776 365 839 tibi
378 795 433 857 pro
447 782 500 838 tua
517 776 677 856 prudentia
689 776 788 838 visum
801 776 906 854 luerit,
922 775 1003 838 idem
1013 793 1211 856 promoveas,
1226 783 1320 858 atque
1334 779 1373 841 ad

218 871 332 938 exitum
355 871 480 935 consilio
502 878 556 935 tuo
570 877 660 952 atque
681 872 859 936 auctoritate
872 871 1032 953 perducas.
1055 871 1107 933 Sin
1121 872 1244 934 obstare
1257 873 1373 953 aliquid

219 977 283 1030 tarn
297 969 351 1050 pie
369 987 474 1032 earum
488 970 635 1032 voluntati
649 969 774 1048 videris,
790 989 826 1033 uc
839 969 913 1033 nihil
927 969 958 1031 in
972 987 1010 1032 eo
1022 969 1106 1049 quod
1117 969 1258 1050 cupiunt,
1274 989 1374 1052 agene

219 1068 293 1129 dum
307 1087 372 1130 esse
385 1068 552 1146 censueris,
566 1075 600 1130 ut
621 1069 663 1130 ita
685 1069 819 1150 ipsarum
839 1070 905 1130 vite
918 1086 1081 1150 rerumque
1099 1067 1232 1131 rationes
1246 1075 1301 1131 tua
1314 1089 1375 1152 ope

220 1172 311 1245 atque
322 1184 414 1246 opera
430 1165 614 1244 constituas,
629 1172 663 1228 ut
678 1167 828 1248 suscipere
840 1172 904 1227 tam
918 1167 1023 1245 longa,
1039 1184 1074 1227 ac
1089 1173 1153 1227 tarn
1162 1165 1321 1228 imbecillis
1331 1167 1374 1227 vi-

218 1260 303 1321 ribus
316 1261 485 1342 periculosa
501 1261 608 1323 itinera
619 1262 650 1324 in
662 1263 796 1323 animum
810 1262 939 1344 amplius
954 1281 1015 1324 non
1026 1262 1181 1324 inducant.
1195 1264 1265 1325 Haec
1279 1264 1320 1325 ad
1330 1271 1372 1340 te,

219 1358 403 1419 Venerabilis
412 1360 527 1435 Frater,
540 1359 582 1419 ita
593 1359 822 1439 perscribimus,
833 1365 867 1421 ut
880 1377 1062 1440 magnopere
1073 1358 1263 1421 confidamus
1273 1364 1306 1420 te
1317 1378 1374 1440 pro

219 1457 380 1535 prudentia
393 1462 445 1518 tua
458 1456 647 1537 plurimoque
662 1457 830 1520 animarum
842 1456 906 1518 zelo
917 1455 990 1520 nulli
1001 1455 1175 1518 defuturum
1186 1474 1252 1517 esse
1262 1475 1374 1537 oppor-

221 1552 355 1630 tunitati,
370 1571 436 1632 quae
452 1552 495 1614 ad
509 1553 608 1632 gloriae
628 1553 680 1614 Dei
694 1560 861 1634 sanctaque
878 1553 948 1618 lidei
965 1561 1073 1616 nostra
1093 1553 1314 1617 incrementum
1330 1555 1375 1616 ia-

220 1648 296 1725 ciat,
319 1667 354 1709 ao
375 1655 478 1710 nostra
492 1648 584 1711 etiam
604 1648 778 1726 hujusmodi
796 1649 895 1712 stridis
907 1650 968 1712 tuis
988 1650 1018 1713 in
1039 1650 1177 1731 praefatas
1198 1650 1323 1712 dilectas
1343 1651 1373 1713 in

220 1744 337 1806 Christo
351 1744 427 1807 filies
435 1745 551 1807 collatis
560 1746 711 1810 benefieiis
726 1765 790 1811 esse
803 1756 1068 1829 prosequuturum.
1085 1748 1118 1809 ld
1131 1748 1224 1812 Nobis
1243 1748 1330 1810 erite
1344 1757 1373 1812 te

220 1841 442 1920 gratissimum,
462 1842 712 1925 confirmabitque
724 1862 803 1921 eam,
822 1863 915 1926 quarn
928 1845 967 1906 de
979 1844 1121 1927 pastorali
1135 1844 1246 1908 virtute
1259 1852 1313 1905 tua
1323 1864 1376 1924 ge·

220 1943 315 2002 rimus
328 1931 515 2022 opinionem,
536 1943 622 2020 cujus
636 1960 706 2006 cum
721 1941 787 2023 pari
806 1942 961 2024 pontificia
975 1941 1185 2004 benevolentia
1206 1941 1375 2021 conjuncte

222 2045 432 2123 argumentum
447 2042 538 2105 etiarn
554 2042 667 2104 habere
687 2041 784 2122 possis
798 2057 835 2102 ex
857 2041 1022 2122 apostoliea
1039 2040 1265 2120 benedictione,
1279 2052 1374 2123 quarn

222 2143 289 2220 tibi,
309 2143 495 2204 Venerabilis
513 2143 628 2219 Frater,
643 2146 761 2220 tuaeque
782 2139 852 2200 ildei
875 2139 1037 2201 commisso
1056 2140 1170 2222 populo
1181 2146 1378 2221 peramanter

221 2226 420 2320 impertimur.
444 2242 558 2302 Datum
581 2243 693 2314 Romo,
712 2244 783 2309 ete„
807 2239 857 2299 dte
882 2248 915 2298 tt
937 2242 1045 2300 nrorta'i
1068 2242 1377 2324 summittentes

222 2343 320 2400 nostri
334 2357 417 2426 auno
424 2345 538 2418 primo.¹
938 2367 940 2371 ·

730 2559 847 2632 LXVII
852 2616 859 2630 .

565 2721 699 2763 lellGTO
721 2719 808 2763 mlo
830 2717 940 2762 NOBlLl
962 2717 1039 2760 vnto

600 2827 739 2888 COMITI
759 2825 811 2886 ΒΕ
833 2823 997 2895 OEYRAS,
1087 2844 1090 2854 ¹

400 2945 510 3025 naurs
531 2943 767 3025 urnaurssrur
791 2934 1022 2991 sscaurnurc
1043 2936 1199 2997 srnrus,

360 3109 363 3114 -
442 3110 444 3115 ,
507 3048 938 3129 CLEMENSPAPA
973 3042 1090 3124 XIV.

981 3197 1084 3255 Eunus,
1099 3199 1114 3242 o
1130 3189 1210 3254 ambis
1225 3192 1296 3239 1770.

264 3303 392 3374 Dtleote,
405 3311 461 3366 eta.
475 3306 519 3363 Ex
534 3302 651 3362 duabus
666 3302 776 3362 nostris
789 3301 820 3362 in
832 3300 930 3362 lomna
941 3299 1043 3362 Brevis
1057 3296 1174 3375 litteris,
1186 3312 1261 3378 quus
1273 3293 1376 3356 isthuc

224 3398 467 3476 transmittimus,
476 3396 676 3460 venerabilem
685 3395 1230 3478 iratremtoannemarchiepiseopum
1236 3392 1376 3454 liberen-

225 3515 290 3560 sem
303 3513 369 3557 esse
383 3494 548 3572 aNobisin
566 3496 735 3574 generalem
748 3494 833 3557 istius
845 3494 928 3575 regni
941 3494 1153 3575 Inquisitorem
1168 3489 1375 3565 consumtum,

224 3604 255 3658 et
275 3593 507 3670 confirmatum,
528 3591 687 3674 eidemque
706 3593 889 3655 necessarias
906 3591 1023 3673 ipsique
1046 3590 1167 3654 muneri
1192 3586 1377 3670 opportunas
1408 3651 1412 3658 ,

224 3690 391 3772 impertitas
402 3690 577 3766 facultates,
592 3688 750 3771 intelliges.
763 3689 850 3765 Quod
862 3707 954 3770 quam
970 3689 1099 3750 libenter
1120 3685 1317 3765 alacriterque
1329 3683 1377 3744 ie-

225 3790 356 3851 cerimus
366 3805 458 3850 causa
470 3788 636 3869 presertim
646 3789 791 3856 carissimi
800 3788 830 3851 in
842 3788 959 3852 Christo
969 3788 1021 3851 tilii
1032 3787 1127 3850 nostri
1138 3785 1262 3866 Josepbi
1272 3787 1378 3846 Portu·

224 3887 330 3968 gallia,
344 3885 595 3964 etnlgarbiorum
601 3885 679 3966 regis
695 3885 859 3952 fidelissimi
870 3885 1062 3948 succundem
1070 3879 1376 3962 judictoexornantis,

226 3984 377 4064 Nobisque
389 3981 515 4063 proinde
525 3982 741 4063 proponentis,
758 4001 795 4044 ae
808 3982 1013 4064 praesentantis
1023 3988 1113 4063 potes
1124 3999 1163 4042 ex
1174 3979 1302 4042 uberum
1311 3996 1378 4049 uos·

227 4086 342 4143 trarum
365 4080 503 4160 exemplo
526 4097 724 4158 cognoscere,
745 4097 822 4160 quas
842 4081 881 4141 ad
902 4099 1005 4161 regem
1024 4077 1233 4146 fidelissimum
1254 4076 1377 4152 damus,

227 4196 361 4257 quasque
368 4178 426 4240 bae
438 4177 505 4259 ipsa
513 4178 737 4257 opportunitate
749 4184 879 4260 paterna
890 4186 998 4240 nostra
1009 4177 1040 4239 in
1052 4195 1123 4238 eum
1134 4172 1378 4237 cumulatissime

229 4274 389 4339 voluntatis
397 4283 488 4339 testes
494 4274 694 4356 adjungimus.
706 4274 739 4337 ld
749 4294 830 4338 nunc
840 4275 912 4337 adte
923 4276 1015 4338 etiam
1022 4274 1208 4356 perscribere
1218 4270 1378 4344 voluirmrs,

229 4370 336 4433 dilecte
359 4375 402 4435 tili
422 4373 530 4436 nobilis
545 4374 600 4452 vir,
624 4382 820 4456 nostrumque
840 4374 930 4454 plane
952 4380 1144 4454 perspectum
1165 4369 1220 4431 tibi
1244 4368 1380 4430 aninruur

231 4469 351 4540 uberius
366 4473 463 4534 adhuc
481 4473 660 4547 confirmare
667 4520 678 4550 ,
693 4481 722 4534 ut
739 4493 804 4557 quae
818 4480 935 4552 mutua,
952 4480 979 4534 te
999 4472 1174 4552 interprete,
1187 4469 1260 4532 inita
1274 4475 1319 4529 cst
1333 4467 1381 4530 in·
