3188 5414
220 516 271 568 211
651 509 851 566 CLEllENTiS
869 511 935 567 xlv

142 626 146 631 '
218 616 519 696 corrfermapertantn
528 614 577 676 del
586 633 641 678 suo
652 615 676 678 si
686 613 907 679 commendabil
916 630 1063 677 conmrso
1072 613 1150 676 nelle
1160 619 1255 676 siesse
1264 587 1366 684 ,nosl'rc

217 713 367 775 cautelae
389 711 589 774 sollecitudini
610 731 663 794 per
682 713 880 775 l’osservanza
901 712 979 774 delle
1001 712 1168 783 canoniche
1185 712 1320 777 sanzioni
1340 715 1366 775 ei

220 810 406 874 consclaeci
414 809 606 872 auimatanto
615 811 829 892 piirapregare
838 811 1093 874 fervorosamente
1101 812 1132 872 13
1140 811 1367 875 11333131133113

222 908 388 989 adegnarsi
402 907 433 969 di
446 913 582 988 prestare
594 927 635 969 33
644 908 773 988 benigno
783 909 898 971 ascolto
908 909 1004 988 aquel
1016 908 1072 970 che
1083 907 1105 970 il
1113 907 1254 970 Cardinal
1266 915 1366 970 nostro

219 1001 335 1068 Nunzio
349 1005 419 1068 3111
427 1004 467 1066 113
477 1006 714 1085 rappresentarle
723 1024 781 1068 con
791 1007 821 1068 13
830 1005 932 1068 debita
940 1006 1119 1068 riverenzae
1127 1005 1239 1068 fiducie
1251 1005 1367 1068 intorno

221 1102 249 1164 ai
262 1102 343 1185 pieni
357 1102 458 1164 ideati.
471 1102 545 1164 Nell'
555 1103 758 1164 autorizzarne
778 1103 797 1164 li
815 1101 1008 1166 stabilimenti
1018 1119 1076 1164 con
1086 1101 1161 1165 l'uso
1171 1101 1250 1163 delle
1262 1100 1368 1173 1333111

220 1201 299 1263 della
321 1200 398 1263 Sede
412 1200 578 1282 apostolica
596 1201 645 1280 gia
663 1200 834 1283 impartito,
855 1208 957 1263 s'carso
974 1218 1037 1262 non
1050 1201 1171 1262 trovert
1190 1200 1211 1260 il
1232 1198 1368 1261 cardinal

222 1303 373 1380 Visccnti,
388 1302 447 1363 ben
466 1299 627 1362 informato
647 1299 726 1362 della
745 1308 848 1361 nostra
870 1297 1088 1379 propensione,
1111 1316 1130 1359 a
1151 1288 1319 1361 accendere
1341 1295 1367 1372 31

220 1399 361 1482 possibile
374 1398 488 1479 quelle,
510 1397 566 1459 che
579 1415 708 1459 saranno
722 1396 816 1457 ferme
830 1413 971 1477 premure
984 1394 1015 1455 di
1031 1396 1142 1456 Vestra
1156 1395 1285 1456 Maesti.
1302 1393 1367 1456 11113

215 1497 405 1574 1331133133,
427 1496 558 1557 siccome
573 1515 591 1556 a
608 1494 664 1556 Noi
684 1495 824 1575 prement
838 1493 1104 1575 principalmente‚
1123 1493 1220 1556 cheil
1243 1501 1322 1556 tutto
1343 1496 1366 1556 si

220 1595 317 1656 faccia
337 1594 368 1654 in
384 1592 491 1668 modo,
516 1591 572 1653 che
586 1591 693 1652 stabile
707 1591 913 1654 consolazione
929 1608 967 1652 ne
988 1590 1085 1653 risulti
1098 1589 1139 1652 ad
1161 1592 1314 1653 entrambi
1327 1593 1368 1653 di·

221 1685 307 1748 nami
321 1705 339 1748 3
352 1686 422 1766 quel
444 1685 516 1757 Dio,
533 1684 589 1746 che
610 1684 650 1746 113
667 1704 787 1765 sempre
800 1687 1002 1767 anapiamente
1015 1686 1165 1768 premiato
1183 1686 1282 1749 anche
1295 1688 1367 1751 sulla

214 1792 302 1846 ‚terra
322 1784 391 1864 quei
407 1782 581 1859 Menarchi,
595 1782 651 1844 che
663 1783 745 1845 nella
763 1783 1003 1847 considerazione
1017 1803 1072 1866 per
1091 1784 1112 1845 il
1132 1785 1238 1862 Clero,
1259 1770 1306 1846 ne'
1326 1784 1367 1846 ri·
1426 1853 1429 1862 .

220 1883 326 1964 guardi
339 1901 394 1964 per
407 1883 416 1942 i
428 1880 511 1942 fundi
523 1880 652 1943 dedicati
666 1881 696 1943 al
709 1889 947 1947 sustentamento
960 1884 991 1946 di
1005 1903 1092 1962 esso,
1107 1885 1145 1946 ed
1159 1886 1188 1948 31
1200 1886 1305 1948 divino
1315 1905 1367 1949 333

215 1979 319 2056 culto,
332 1979 412 2040 nella
421 1976 577 2040 deferenza
588 1979 647 2041 3113
657 1997 732 2041 voce
743 1980 789 2042 de'
811 1982 939 2044 Romani
952 1981 1096 2044 Pontefici
1109 1982 1135 2044 si
1150 2000 1227 2044 sono
1248 1989 1368 2047 contra-

221 2075 345 2137 distinti.
362 2077 472 2136 vostra
484 2076 628 2138 Maestae
644 2077 778 2140 33113313
788 2077 829 2140 da
842 2079 939 2159 questi
950 2079 1093 2161 priucipj,
1106 2079 1187 2143 oude
1197 2080 1276 2143 bene
1292 2080 1369 2142 dob-

220 2174 322 2234 biamo
336 2174 445 2236 esserlo
454 2172 549 2234 anche
558 2172 613 2234 Noi
623 2172 654 2234 di
665 2173 787 2251 fiducia,
798 2173 845 2235 ch'
855 2174 919 2236 Ella
929 2175 973 2235 sia
981 2194 1035 2255 per
1044 2176 1183 2254 degnarsi
1193 2176 1224 2237 di
1235 2177 1371 2239 valutare

220 2269 353 2349 quelche
366 2269 386 2329 il
400 2275 503 2330 nostro
515 2268 653 2330 Cardiual
665 2269 800 2330 Viseunti
812 2269 840 2330 le
848 2270 936 2330 verra
949 2268 1121 2350 esponendo
1136 2288 1173 2331 su
1183 2276 1294 2350 questo
1303 2288 1371 2350 pre
1455 2319 1457 2324 .

220 2370 329 2450 posito.
346 2369 408 2428 Con
422 2386 494 2428 vera
507 2367 654 2429 effusione
666 2367 697 2428 di
708 2386 800 2430 cuore
811 2368 914 2430 diamo
926 2369 1043 2431 intanto
1057 2369 1117 2431 alla
1132 2371 1249 2433 Maesti
1262 2371 1372 2432 Vestra

219 2469 267 2527 ea
281 2473 360 2527 111113
381 2467 529 2544 l'augusta
544 2485 599 2526 sna
619 2466 764 2546 Famiglia
776 2467 808 2528 in
825 2485 926 2530 nuova
939 2469 1167 2532 testimonianze
1181 2470 1251 2533 dell’
1264 2470 1372 2533 intimo

224 2573 328 2627 nostro
343 2565 471 2646 paterno
484 2563 587 2624 aifetto
600 2563 787 2645 l'aposlolica
801 2563 1005 2628 benedizione.
1028 2571 1142 2630 Datum
1159 2569 1278 2641 Romu,
1296 2576 1371 2640 etc,

220 2665 269 2723 die
286 2675 322 2724 aa
336 2665 412 2735 maji
433 2672 520 2737 1113,
531 2664 725 2740 pontaflcutus
738 2665 835 2722 nostri
848 2680 928 2725 anno
941 2673 1057 2744 quarto.

704 2783 884 2797 m—

670 2898 875 2999 3333111.
963 2884 966 2892 ’

442 3055 669 3097 ulnnculssulffi
692 3055 726 3096 ln
750 3055 880 3097 cunrado
904 3056 998 3099 stanit
1021 3057 1149 3099 NOSTRAE

495 3161 631 3221 MARIAE
651 3159 872 3220 VALBURGAE
891 3159 1087 3231 SAXONIAE,

638 3274 806 3322 3331113131
821 3273 945 3334 113313,

530 3376 764 3455 CLFMENS
791 3379 916 3454 PAPA
947 3375 1054 3453 XIV.

1028 3529 1125 3590 noma,
1137 3529 1223 3591 513311
1238 3534 1309 3582 1773.

261 3641 477 3707 Dilectissimo,
500 3645 553 3698 ete.
576 3635 714 3697 Reddidit
734 3634 825 3696 Nobis
841 3633 987 3697 eximium
1005 3632 1088 3714 quod
1111 3637 1150 3697 ad
1174 3637 1238 3698 Nos
1262 3637 1376 3701 misisti

214 3755 328 3798 munus
342 3734 466 3796 dilectus
480 3733 559 3795 lilius
569 3735 700 3795 loannes
710 3731 879 3794 Ludovieus
893 3732 1036 3805 Biauconi
1044 3780 1053 3812 ‚
1070 3749 1191 3811 unaque
1209 3735 1376 3812 praeclaros

218 3840 276 3895 luae
288 3833 320 3895 in
331 3834 392 3894 Nos
402 3830 580 3908 voluntatis,
591 3836 682 3910 atque
694 3829 725 3889 in
737 3831 768 3890 S.
782 3831 988 3909 Apostolicam
998 3832 1077 3894 hanc
1087 3829 1197 3892 Sedena
1209 3829 1376 3893 observan-

218 3931 264 3992 tie
282 3948 390 3992 sensus
410 3933 549 3989 accurate
569 3924 776 4004 uberrimeque
792 3924 967 3989 declaravit.
981 3928 1042 3989 Nos
1063 3925 1185 4007 quidem
1203 3924 1374 4004 peregregii

218 4026 315 4109 operis
331 4023 553 4109 pulchritudine
566 4022 692 4086 mirifice
705 4021 862 4101 delectati,
878 4023 1037 4104 miratique
1056 4019 1283 4104 exquisitissimi
1298 4021 1375 4082 arti-

218 4125 275 4188 ficii
289 4124 492 4207 prestantium
506 4139 688 4202 magnopere
697 4139 811 4182 3311133.
824 4122 938 4182 Verum
950 4140 987 4182 ex
1000 4139 1037 4182 eo
1048 4119 1215 4181 maximam
1222 4117 1374 4197 jucundi,-

218 4229 312 4306 tatem
321 4223 474 4304 cepimus,
488 4218 571 4302 quod
580 4218 650 4280 inde
661 4217 853 4300 potissimum
865 4217 1054 4298 agnoscimus
1068 4217 1134 4296 jam
1145 4215 1266 4297 pridem
1277 4215 1374 4277 Nobis

219 4327 406 4399 perspectam
419 4319 492 4398 regii
507 4315 598 4379 animi
615 4316 659 4379 tui
671 4312 908 4396 magnitudinem
919 4332 990 4375 eum
1000 4312 1143 4394 singulari
1156 4311 1189 4373 in
1199 4330 1257 4375 nos
1268 4310 1372 4375 studio

217 4416 420 4494 conjunctam.
436 4421 533 4491 Quare
548 4415 746 4478 delectissima
768 4415 798 4475 in
818 4413 935 4474 Christo
956 4413 1018 4476 filia
1035 4420 1154 4490 nostra,
1166 4409 1370 4486 summastibi

215 4510 327 4594 gratias
339 4511 489 4576 reddimus
503 4509 1075 4592 31113133333133133133113311113133
1088 4527 1212 4607 mnnere
1222 4508 1308 4591 quod
1320 4508 1369 4585 vel
