3188 5414
400 511 584 566 EPlSTOLAE
603 513 648 566 ET
665 513 798 566 BllEVlA
817 514 1048 569 SELECTlORA.
1264 524 1294 574 51

151 633 206 695 pro
223 610 315 676 Nobis
339 615 471 677 subsidia
490 615 676 694 flagitamus,
690 613 749 677 ida
765 622 795 677 te
810 623 984 697 perspectus
996 624 1066 680 tuus
1081 619 1111 679 in
1125 620 1298 700 religionem

151 711 240 788 zelus,
258 711 288 771 id
297 711 395 772 lilialis
408 729 479 791 erga
489 712 550 773 Nos
562 711 660 792 pietas
676 712 825 794 postulat,
848 714 879 774 id
890 720 1010 776 tuorum
1024 715 1115 776 etiam
1137 735 1299 797 regnorum

153 808 273 870 utilitati
296 827 332 870 ac
351 808 487 898 felicitati
501 809 648 891 precipue
673 811 894 878 conducturum
913 831 978 875 esse
995 813 1082 875 lecilc
1097 832 1154 894 pro
1174 819 1227 875 tua
1247 833 1299 876 sa-

150 905 263 985 pientia
275 906 431 986 perspicis,
443 924 510 986 que
520 905 755 974 nimirumaliei
764 912 948 991 protegentis
960 911 1070 974 auxilio
1082 912 1176 993 repeti
1188 912 1300 976 debent

151 1005 180 1064 in
189 1022 287 1085 eoque
297 998 470 1068 subsistere,
482 1007 547 1069 Hoc
559 1005 659 1086 ipsum
672 1007 767 1090 enixis
776 1009 837 1092 Nos
846 1009 986 1091 precibus
997 1009 1151 1078 abeodem
1163 1009 1299 1072 omniurn

149 1105 298 1165 bonorum
314 1104 455 1184 largitore
469 1096 523 1167 tibi
539 1103 685 1184 regiaeque
700 1103 820 1168 familia
839 1113 896 1167 ιιιιι
910 1105 1065 1192 deprecari
1078 1123 1233 1186 nunquam
1249 1105 1299 1169 in-

148 1201 376 1262 termittentes
369 1220 399 1262 ιιι
412 1200 528 1282 paterni
540 1200 634 1263 nostri
647 1192 805 1280 singularis
821 1201 932 1264 amoris
944 1202 1071 1284 lataque
1084 1203 1177 1264 tibie
1179 1202 1299 1266 tlausta

148 1299 250 1360 omnia
264 1299 434 1380 exoptantis
454 1298 650 1389 apostolicam
680 1298 922 1391 benedictionem
937 1299 1085 1378 Majestati
1098 1302 1171 1361 Tuae
1191 1317 1299 1362 eman-

148 1394 263 1457 tissime
276 1396 475 1477 impertimur
493 1380 605 1456 Dotem
619 1396 737 1465 Romae,
752 1402 823 1467 etc„
836 1395 887 1456 die
903 1397 1070 1472 ajanuarii
1089 1407 1181 1475 ιιιι,
1195 1403 1299 1478 ponti-

144 1492 357 1562 deotmnostri
374 1496 570 1572 onnoprimo
634 1514 637 1516 ·
699 1506 705 1512 ·

522 1810 524 1813 ,
592 1821 595 1826 ,
663 1730 780 1806 uun
882 1804 885 1814 .

600 1895 734 1937 urnncro
756 1894 843 1935 runo

228 2004 401 2064 ANTONIO
421 2004 683 2077 VALSECCHIO,
705 2005 861 2073 ORDINIS
881 2006 1217 2082 PRAEDICATORUM,
1252 2003 1255 2006 ¹

458 2127 694 2210 cennens
721 2130 851 2210 Pura
879 2109 987 2208 xiv.
1022 2185 1024 2189 ,

911 2288 1008 2349 Romae,
1019 2295 1034 2338 6
1045 2289 1149 2351 januarii
1165 2261 1245 2339 titos

187 2406 318 2478 Dilecta,
330 2410 385 2463 etc.
399 2401 521 2468 Nullum
534 2418 606 2464 sane
616 2392 756 2469 erhibere
767 2401 860 2473 Nobis
872 2401 997 2484 potuisti
1008 2419 1107 2488 neque
1120 2395 1299 2477 luculentius

147 2511 206 2567 tuae
216 2503 247 2565 in
260 2503 321 2565 Nos
335 2499 579 2589 acapostolieam
593 2499 697 2571 sedem
711 2499 921 2578 observantiae,
935 2518 1032 2581 neque
1046 2498 1155 2573 latitia
1167 2499 1212 2586 ob
1220 2516 1299 2580 pon-

149 2600 273 2663 tificiam
294 2597 471 2678 dignitatem
495 2597 534 2662 ad
546 2599 608 2659 Nos
624 2594 763 2664 delatam
779 2597 953 2678 preclarius
969 2597 1122 2680 Nobisque
1136 2596 1299 2677 jucundius

145 2698 370 2775 testimonium,
384 2716 477 2783 quam
488 2714 568 2759 nunc
580 2715 598 2757 a
609 2702 639 2783 te
648 2703 694 2760 est
707 2697 891 2777 prustimm,
913 2717 984 2764 cum
994 2697 1108 2769 librum
1117 2705 1205 2768 tuum
1218 2714 1298 2787 ,quo

145 2795 320 2875 religionem
338 2801 424 2856 tanta
440 2812 512 2857 cum
525 2801 578 2860 tua
591 2793 695 2871 laude,
711 2812 746 2855 ac
761 2801 930 2859 ceterorum
945 2793 1073 2859 utilitate
1087 2791 1239 2868 defendis,
1261 2793 1299 2854 ad

145 2894 207 2955 Nos
223 2892 344 2964 misisti.
359 2893 434 2953 Cum
455 2890 555 2996 operis
570 2890 660 2968 hujus
674 2890 717 2951 tui
732 2890 936 2977 praestantiam
951 2889 1135 2970 iampridem
1157 2907 1300 2972 perspec-

103 3014 104 3017 ¹
145 2995 210 3050 tam
220 2987 418 3063 haberemus
432 3003 468 3046 eo
479 3002 580 3064 rpsum
590 2985 682 3046 etram
695 2985 838 3048 libentius
848 3001 1032 3065 excepimus,
1043 3003 1079 3046 ac
1091 2981 1217 3066 proinde
1229 3002 1299 3046 nos

145 3091 229 3146 trum
241 3081 296 3145 tibi
315 3081 521 3166 gratissimum
535 3080 670 3155 animum
691 3068 879 3162 profitemur.
896 3081 1031 3163 Cumque
1048 3082 1098 3143 Sa.
1115 3081 1206 3145 Mem.
1217 3080 1299 3170 Qe-

145 3177 239 3239 menti
252 3179 337 3257 Xlll,
351 3176 564 3258 predecessori
578 3181 647 3237 nost
647 3194 682 3237 ro
634 3175 774 3241 tillud
788 3165 922 3243 dicatum
936 3182 1027 3258 alque
1045 3177 1223 3259 inscriptum
1238 3197 1256 3240 a
1271 3180 1300 3240 te

145 3277 252 3356 suerit,
266 3276 379 3342 idcirco
397 3275 434 3343 ad
456 3273 539 3335 Nos
531 3291 613 3383 ipsos
628 3272 776 3353 pertinere
790 3279 820 3335 et
822 3271 882 3333 iam
896 3270 1030 3335 eodem
1019 3292 1095 3352 June
1103 3280 1298 3357 reputamus,

146 3383 214 3439 tum
228 3373 398 3456 argumenti
408 3371 489 3457 quud
506 3371 552 3453 agi
554 3378 614 3448 tur,
629 3377 695 3433 tum
713 3370 844 3434 auctoris
858 3371 952 3452 ipsius
963 3391 1056 3444 cansa
1068 3359 1107 3446 ad
1120 3370 1293 3457 religionis,

147 3474 195 3535 cui
217 3473 402 3553 vigilandum
414 3471 508 3550 Nobis
523 3478 587 3549 est,
603 3469 760 3533 veritatem
773 3462 984 3535 vindicandam
994 3476 1062 3540 lem
1075 3471 1155 3549 bene
1174 3466 1298 3539 arrimati

148 3568 343 3651 ejusdemque
355 3565 576 3657 studiosissimi.
594 3565 652 3628 Sed
661 3556 734 3627 tuus
741 3565 869 3628 eximius
888 3567 938 3630 bic
952 3567 1103 3649 religionis
1116 3567 1234 3647 tuende
1248 3586 1299 3643 ar-

149 3668 206 3728 dor
219 3685 280 3728 non
303 3685 340 3727 eo
360 3665 419 3727 loci
440 3671 470 3725 te
487 3664 704 3741 constiturum,
725 3663 776 3724 sed
793 3664 879 3726 novis
896 3664 1004 3726 iterum
1025 3664 1170 3746 susceptis
1194 3658 1299 3741 hujus-

148 3765 229 3827 modi
250 3763 406 3826 laboribus
420 3761 542 3834 uberius
563 3761 593 3822 in
608 3760 717 3822 diesin
738 3760 908 3822 recentibus
921 3760 1088 3841 quibusque
1107 3759 1298 3847 confutandis

150 3860 302 3922 erroribus
314 3860 352 3921 de
358 3857 460 3920 divino
467 3856 671 3938 promovendo
678 3858 773 3932 cultu,
782 3858 819 3919 de
827 3858 961 3919 Ecclesia
973 3863 1062 3939 alque
1072 3857 1147 3920 adeo
1161 3856 1199 3918 de
1205 3857 1298 3919 Nobis

151 3958 227 4018 bene
238 3957 417 4018 meriturum
429 3954 598 4036 pollicetur.
611 3954 656 4015 Ad
668 3955 750 4035 quod
763 3955 921 4035 preclaros
934 3973 991 4035 pro
1004 3954 1132 4017 Domino
1146 3953 1299 4016 confiden-

148 4062 194 4113 ter
207 4053 432 4134 prosequendos
444 4070 551 4115 cursus
561 4071 632 4115 oum
642 4059 867 4137 temagnopere
878 4054 1084 4132 exhortemur,
1095 4053 1126 4116 in
1139 4051 1298 4134 pontificiae

147 4155 216 4210 nost
216 4168 256 4210 ra
203 4149 460 4211 ttbenevolen
439 4155 486 4210 tre
506 4156 716 4236 argumentum
737 4150 950 4232 apostolicam
950 4149 1096 4212 benedict
1076 4156 1189 4210 tionem
1207 4166 1298 4228 pera-

147 4252 266 4307 menter
275 4245 475 4326 impertimur
494 4249 603 4319 Dotem
614 4249 725 4320 Rome,
738 4255 797 4366 ιιι.
800 4250 1087 4340 ,ajanuariirttm
1103 4249 1297 4325 pontificatus

150 4347 336 4406 castriduno
350 4349 460 4423 primo.

638 4467 811 4478 -0—-—--—
