3188 5414
471 519 654 574 El'lSTOLAE
674 521 717 575 ET
735 523 865 593 antivia
882 523 1115 578 SELECTlORA.
1318 529 1366 578 183

218 621 384 703 primenda.
407 623 603 684 Revocandus
624 631 731 686 contra
748 633 793 688 est
814 626 863 687 ille
887 632 989 687 noster
1003 627 1041 688 ad
1061 628 1121 689 ima
1136 621 1311 705 descensus,
1330 647 1367 690 ne

217 715 434 800 desperationis
448 718 522 780 lines
537 719 678 799 attingat,
694 721 784 802 inque
805 740 890 803 spem
912 723 1014 784 statim
1032 724 1164 787 converti
1184 731 1274 804 atque
1296 725 1367 802 erigi

218 816 308 877 debet
322 815 458 893 animus,
473 815 639 898 divinaque
652 818 718 899 opis
738 819 945 900 expectatione
958 821 1084 885 sustolli.
1097 820 1296 883 Ascendendo
1309 820 1374 882 ita-⁴

192 954 196 963 -
216 932 277 996 que
301 908 570 995 mandandoque
598 915 742 978 iiduciam
763 916 887 994 timore,
914 916 1058 996 gaudium
1079 917 1198 980 tristitia
1224 917 1267 984 ita
1289 935 1369 997 quo-

217 1010 383 1073 dammodo
396 1011 633 1088 moderabimur,
647 1018 683 1075 ut
693 1015 757 1076 sola
770 1016 831 1076 lies
846 1015 876 1076 in
891 1022 995 1076 nostra
1010 1015 1180 1078 bumilitate
1194 1015 1296 1077 divina
1307 1033 1370 1077 sus-

218 1115 329 1187 tentet,
342 1126 409 1189 que
424 1112 472 1172 est
490 1127 582 1195 super
596 1109 699 1172 onmia
711 1128 806 1192 opera
818 1111 895 1189 eiua,
910 1110 1075 1173 miseratio.
1092 1113 1162 1172 Hae
1173 1110 1269 1172 fusius
1281 1110 1319 1172 ad
1336 1118 1370 1170 te

217 1196 441 1287 mmcnffimus,
453 1205 561 1268 dilecto
572 1205 614 1268 ilii
624 1206 733 1268 nobilis
744 1207 799 1284 vir,
815 1213 849 1268 ut
861 1225 1004 1288 angorem
1013 1215 1113 1285 tuum,
1125 1227 1219 1290 quem
1230 1209 1267 1271 de
1281 1216 1370 1270 ante-

218 1311 288 1368 acta
300 1305 363 1367 uita
375 1303 515 1393 percipis,
530 1304 646 1384 optima
663 1304 752 1382 iidei,
768 1304 889 1385 speique
907 1304 1012 1366 divine
1027 1305 1143 1368 ratione
1155 1311 1368 1385 temperemus.

217 1405 321 1484 Neque
330 1422 422 1485 porro
435 1403 467 1464 in
481 1421 518 1464 eo
530 1403 591 1465 Nos
606 1403 662 1464 tibi
676 1402 774 1483 reipsa
784 1400 916 1464 defuturi
932 1420 1048 1480 sumus,
1061 1402 1142 1482 quod
1156 1421 1174 1463 a
1187 1402 1279 1463 Nobis
1291 1421 1371 1463 sum

218 1528 344 1592 mopere
363 1508 481 1590 flagitas
498 1513 533 1570 ut
549 1509 682 1589 aliquam
703 1507 758 1570 tibi
776 1526 834 1589 pro·
852 1507 984 1589 peccatis
1000 1507 1144 1569 luendam
1165 1508 1371 1588 paenitentiam
1411 1522 1414 1527 ·

218 1605 457 1686 praescribamus.
473 1603 507 1666 ld
519 1612 621 1667 tamen
634 1623 671 1666 eo
681 1611 772 1686 pacto
784 1605 986 1687 prestandum
1002 1623 1068 1668 esse
1081 1625 1100 1668 a
1111 1606 1204 1669 Nobis
1215 1611 1371 1686 putamus,

220 1709 326 1764 utnon
342 1701 440 1780 magis
457 1701 531 1778 tibi,
552 1719 645 1782 quam
663 1707 795 1782 paterne
810 1703 904 1764 etiam
925 1709 1033 1765 nostra
1054 1702 1091 1764 de
1104 1711 1135 1766 te
1153 1704 1272 1767 caritati
1287 1704 1373 1766 obse

217 1817 361 1880 quamur.
385 1796 514 1860 Proinde
530 1796 561 1859 in
578 1799 639 1859 Nos
658 1798 740 1878 ipsos
760 1799 941 1880 suscipimus
955 1818 1026 1877 eas,
1040 1818 1118 1880 quas
1136 1800 1191 1863 tibi
1207 1801 1373 1882 imponere

219 1916 304 1974 mus,
320 1895 502 1977 temporales
518 1913 632 1978 peenas,
647 1895 739 1975 idque
752 1914 838 1976 arque
860 1895 962 1958 animo
983 1895 1062 1957 ierre
1081 1903 1112 1958 te
1129 1895 1287 1975 jubemus;
1302 1915 1373 1959 cum

220 1995 349 2076 benigne
368 2012 404 2056 ac
414 1993 648 2056 misericorditer
658 2000 819 2074 exceptum
832 1993 869 2054 iri
885 1992 1067 2054 arbitremur
1080 2011 1098 2054 a
1113 1995 1188 2070 Deo,
1199 1993 1252 2073 qui
1266 2012 1374 2074 paren-

221 2099 288 2153 tum
306 2090 337 2152 in
357 2091 434 2153 iiiios
446 2089 559 2172 pietate
576 2088 755 2166 delectatur,
777 2088 923 2170 quidquid
941 2107 1098 2170 poenarum
1113 2108 1149 2151 ac
1162 2089 1374 2171 poenitentiaea

221 2188 315 2250 Nobis
326 2187 383 2251 erit
393 2206 450 2270 pro
463 2195 494 2250 te
508 2187 588 2249 ultro
605 2185 808 2249 subeundum.
823 2185 900 2248 illud
910 2185 1044 2248 verotibi
1057 2193 1165 2268 sponte
1177 2185 1374 2267 alacriterque

222 2285 417 2368 imponimus,
424 2283 508 2366 quod
517 2291 571 2347 tuo
579 2282 754 2365 poeuiteudi,
767 2285 923 2364 Deumque
931 2284 1071 2365 placandi
1082 2284 1184 2346 auimo
1194 2302 1231 2346 ac
1239 2283 1372 2345 fovendae

222 2382 371 2465 reilgioni,
385 2383 552 2466 pietatique
573 2389 632 2444 tue
648 2381 779 2444 maxime
793 2387 999 2462 opportunum
1013 2398 1079 2444 esse
1089 2381 1272 2461 judicamus.
1293 2383 1372 2443 Auc-

221 2481 341 2544 toritate
352 2480 463 2544 seilicet
475 2480 640 2563 apostolica
653 2478 844 2560 indulgemus
857 2479 924 2556 tibi,
943 2485 974 2540 et
991 2478 1120 2559 benigne
1129 2478 1325 2541 concedimus
1340 2487 1374 2540 ut

221 2579 469 2663 quotiescumque
489 2579 645 2643 confessus
664 2599 700 2642 ae
717 2599 804 2642 sacra
824 2578 1039 2641 communione
1055 2578 1195 2658 reiectus,
1219 2580 1375 2660 Deumque

221 2678 278 2741 rite
292 2684 434 2760 precatus
447 2678 550 2752 fueris,
565 2671 655 2741 toties
671 2678 839 2759 plenariam
852 2683 1047 2758 peccaterum
1067 2677 1284 2757 indulgentiam
1298 2696 1375 2739 eon-

222 2774 308 2855 sequi
330 2791 365 2837 ac
377 2775 489 2837 lucrari
503 2775 612 2856 possis.
629 2777 726 2848 Quam
743 2772 935 2835 Pontifieiam
952 2772 1165 2835 liberalitatem
1187 2763 1321 2834 nostram
1336 2775 1376 2835 li-

223 2871 397 2933 bentissime
418 2871 511 2933 etiam
526 2870 715 2933 extendimus
729 2870 767 2932 ad
783 2868 925 2930 dilectam
948 2869 979 2929 in
996 2867 1113 2929 Christo
1127 2867 1222 2928 liliam
1244 2868 1376 2929 nobilem

224 2966 381 3030 mulierem
395 2967 547 3048 egregiam
560 2953 724 3048 conjugem
736 2973 839 3042 tuam,
851 2966 937 3044 cujus
950 2964 1102 3046 precibus,
1115 2964 1284 3045 eximioque
1297 2965 1335 3026 de
1346 2973 1376 3027 te

223 3062 324 3124 studio
344 3062 454 3125 debere
473 3069 503 3125 te
524 3070 593 3145 post
610 3067 707 3126 Deum
727 3063 809 3125 illam
831 3061 928 3147 ipsam
943 3062 1034 3124 animi
1045 3108 1054 3139 ,
1077 3061 1300 3143 voluntatisque
1319 3069 1377 3124 tuae

222 3158 493 3221 commutationem
512 3159 673 3241 profiteris.
688 3160 764 3221 Eam
785 3158 898 3220 idcirco
908 3159 969 3220 Nos
982 3158 1124 3238 singulari
1138 3164 1240 3221 nostra
1254 3159 1376 3222 caritate

222 3255 445 3340 prosequimur,
468 3275 504 3318 ac
521 3257 664 3319 omnibus
684 3262 817 3338 paterne
830 3255 952 3336 pietatis
966 3256 1142 3318 muneribus
1156 3256 1310 3319 cumulare
1325 3276 1373 3337 pe·

222 3351 280 3413 rati
293 3370 410 3414 sumus.
425 3348 528 3434 Neque
547 3350 656 3416 eodem
672 3351 889 3429 beneuolentiae
904 3359 1015 3414 nostra
1028 3351 1126 3414 fructu
1142 3354 1283 3434 parvulas
1295 3373 1376 3416 nune

224 3455 285 3511 tres
294 3449 370 3510 illias
382 3456 461 3526 tuas,
474 3453 595 3533 [leoque
608 3449 793 3532 gratissimas
806 3455 1020 3532 expertesesse
1030 3451 1170 3514 volumus
1182 3470 1238 3532 pro
1247 3471 1284 3515 eo
1294 3460 1377 3515 tem

224 3564 310 3626 pore,
323 3565 384 3629 quo
398 3566 451 3628 per
461 3549 600 3611 humane
610 3553 723 3610 naturae
735 3546 940 3610 conditionem
955 3548 1102 3627 ejusmodi
1115 3556 1311 3628 peccatorum
1322 3569 1377 3613 ve-

225 3642 276 3705 nia
290 3662 325 3704 ac
340 3643 513 3706 remissione
525 3642 711 3725 indigebunt.
730 3642 851 3706 Discant
866 3663 908 3706 ee
919 3645 983 3724 jam
996 3663 1078 3706 nunc
1088 3645 1171 3707 illam
1185 3646 1216 3707 in
1234 3646 1297 3708 Nos
1310 3647 1377 3729 pie-

226 3749 336 3819 tatem,
354 3760 448 3824 quam
459 3749 525 3804 tam
537 3741 656 3827 prolixe
673 3742 704 3803 iu
724 3741 804 3822 ipsas
825 3747 952 3822 paterno
967 3740 1069 3803 anime
1082 3754 1302 3822 promeremur.
1317 3744 1377 3807 Mi-

225 3838 379 3918 nimejam
390 3837 428 3900 de
439 3836 524 3900 vobis
537 3832 729 3915 dubitamus,
752 3837 825 3918 quin
843 3850 880 3899 eo
899 3837 965 3918 ipse
983 3836 1051 3913 die,
1064 3855 1127 3918 quo
1139 3840 1248 3902 celesti
1263 3839 1378 3921 pabulo

224 3933 347 3997 enutriti
362 3933 547 3998 ardentiores
557 3939 675 3997 vestras
687 3933 725 3997 ad
739 3936 835 3997 Deum
847 3933 991 4013 frendetis,
1014 3953 1050 3997 ac
1064 3937 1247 4019 acceptiores
1259 3936 1315 4018 ipsi
1325 3937 1378 4001 fu-

226 4040 309 4096 turas
327 4050 449 4113 preces,
467 4031 619 4112 Ecclesia,
636 4050 703 4113 qua
724 4051 777 4095 vos
796 4033 827 4096 in
849 4034 917 4096 sinu
934 4034 1029 4114 gerit,
1044 4053 1079 4096 ac
1099 4035 1194 4097 nostri
1214 4035 1377 4116 prasertim

226 4145 376 4190 memores
402 4129 479 4207 sitis,
503 4128 555 4210 qui
571 4127 685 4192 talibus
704 4130 821 4211 vestris,
844 4150 880 4194 ac
900 4130 1047 4194 Fidelium
1067 4133 1202 4194 omnium
1221 4131 1375 4209 subsidiis,

225 4242 319 4304 quam
341 4243 417 4307 epus
440 4225 625 4305 babeamus,
640 4226 780 4307 preclare
803 4229 867 4310 ipse
886 4229 1035 4310 intelligis.
1057 4231 1141 4292 Nosti
1154 4231 1253 4310 enim,
1270 4230 1377 4315 dilecte

226 4321 269 4382 iili
285 4321 393 4384 nobilis
406 4322 463 4401 vir,
474 4341 544 4405 que
555 4340 634 4386 nune
644 4370 653 4402 ,
665 4343 816 4409 quamque
833 4346 961 4409 operosa
974 4328 1005 4390 in
1017 4330 1077 4391 Nos
1095 4329 1251 4390 incumbat
1265 4330 1375 4402 'moles

226 4418 275 4479 eui
288 4418 545 4482 ierendaetantum
556 4421 640 4484 abest
649 4427 682 4483 ut
694 4442 781 4504 pares
790 4443 855 4486 esse
868 4424 1030 4506 possimus,
1041 4432 1075 4489 ut
1085 4425 1158 4487 nibil
1168 4426 1274 4507 magis,
1285 4447 1376 4508 quam
1416 4488 1417 4491 ,

226 4517 354 4597 consilii,
372 4524 461 4598 atque
473 4536 569 4598 opere
583 4525 690 4580 nostre
703 4519 882 4582 tenuitatem
892 4519 1158 4602 infirmitatemque
1169 4522 1375 4586 formidemus.
