3188 5414
628 465 629 470 '
658 477 861 537 cinnamis
878 476 943 531 inv

714 635 873 721 cxxvll.

488 794 654 838 cunrssruo
676 796 711 837 ru
733 791 863 837 euarsro
883 790 969 833 muro
993 787 1114 831 nosruo

286 901 287 904 ’
335 898 534 961 LUDOVICO
553 897 792 959 FRANCORUM
811 895 904 956 REGI
924 894 1263 956 CHRISTIANISSIMO

534 1023 769 1108 CLEMENS
795 1023 924 1100 PAPA
952 1018 1061 1097 XIV.

957 1173 1054 1232 Romae,
1071 1175 1102 1221 tu
1115 1171 1228 1221 februarii
1242 1176 1311 1222 1771.

265 1280 442 1352 Carissimo,
456 1284 514 1340 etc.
528 1277 598 1353 Quae
612 1283 717 1339 nostra
729 1283 775 1338 est
786 1295 858 1338 cum
868 1274 963 1355 Regia
974 1274 1131 1354 Maiestate
1141 1275 1223 1353 Tua,
1243 1293 1380 1356 cumque

225 1375 362 1438 universa
376 1375 544 1438 Borbonica
556 1375 680 1437 Familia
691 1375 859 1436 studiorum
872 1379 1065 1455 paternaeque
1076 1373 1209 1434 caritatis
1223 1375 1377 1452 conjunc-

222 1477 280 1553 tio,
290 1473 399 1537 eodem
409 1472 468 1536 hoc
478 1481 614 1554 tempore
624 1471 766 1554 preteriri
778 1470 983 1553 proiectonon
992 1469 1062 1530 sinit
1072 1469 1206 1532 osticium
1220 1478 1383 1551 nostrum,

222 1593 284 1659 quo
299 1571 462 1655 plurimam
481 1572 564 1633 illam
576 1558 712 1661 partem,
733 1589 826 1652 quam
839 1570 878 1631 de
891 1569 997 1631 vestris
1010 1568 1102 1631 rebus
1120 1568 1276 1649 capimus,
1300 1571 1374 1646 tibi,

222 1670 375 1739 carissime
394 1668 425 1732 in
440 1669 556 1739 Christo
576 1669 618 1731 fill
636 1675 748 1748 noster,
769 1674 916 1749 quantum
937 1682 1116 1746 possumus,
1136 1665 1384 1731 luculentissime

221 1769 420 1838 declaramus.
443 1769 518 1830 Cum
531 1767 632 1848 itaque
642 1767 736 1828 Nobis
749 1766 786 1826 de
800 1765 893 1843 bello,
909 1763 991 1844 quod
1004 1761 1213 1843 impendebat,
1229 1765 1376 1847 quodque

222 1884 345 1929 omnem
366 1866 494 1929 fortasse
514 1867 667 1946 Europam
688 1862 894 1945 corripuisset,
910 1870 964 1923 tua
979 1860 1144 1942 prasertim
1162 1880 1256 1942 opera
1277 1862 1376 1926 decli-

221 1969 293 2026 nato
301 2009 310 2043 ,
324 1962 503 2044 firmataque
511 1963 576 2041 jam
591 1981 667 2045 pace
680 1961 899 2043 pulcherrimus
911 1977 1006 2040 nuper
1020 1959 1128 2020 allatus
1143 1965 1223 2021 esset
1236 1962 1374 2040 nuntius,

221 2067 307 2124 tauto
327 2067 450 2142 tamque
463 2058 590 2122 mirilico
604 2059 735 2141 correpti
756 2059 867 2139 gaudio
888 2076 1011 2133 sumus,
1029 2063 1144 2138 quanto
1157 2057 1270 2122 certius
1287 2080 1307 2122 a
1322 2064 1376 2125 Dei

220 2157 403 2246 benignitate
421 2157 591 2240 proiectum
604 2176 667 2220 esse
679 2157 710 2219 in
723 2159 785 2219 Nos
797 2157 964 2218 maximum
983 2155 1061 2234 boc,
1082 2161 1172 2236 atque
1187 2156 1377 2224 immensum

220 2254 400 2325 beneficium
418 2256 623 2336 cognovimus.
647 2258 714 2318 Non
733 2257 830 2318 solum
850 2255 939 2336 igitur
959 2254 1016 2336 ipsi
1034 2260 1097 2315 tam
1113 2254 1245 2335 propitio
1262 2258 1376 2336 Nobis,

221 2351 357 2435 tantique
368 2353 440 2418 boni
452 2353 568 2415 auctori
579 2357 641 2415 Deo
651 2372 785 2424 summas
794 2353 896 2416 statim
908 2360 998 2433 atque
1010 2353 1195 2416 immortales
1205 2354 1376 2433 gratiarum

219 2448 325 2511 laudes
336 2448 550 2532 persolvimus,
564 2448 616 2512 sed
628 2451 780 2531 extemplo
795 2450 834 2511 ad
845 2456 1019 2512 sanctorum
1030 2448 1189 2511 duodecim
1204 2452 1377 2532 Apostolo-

218 2567 287 2608 rum
299 2548 446 2629 templum
459 2548 660 2631 perreximus,
674 2554 708 2616 ut
726 2547 837 2610 ibidem
846 2550 940 2610 Beato
959 2543 1118 2610 Francisoo
1133 2551 1297 2631 Serapbico
1312 2555 1378 2617 Pa-

219 2645 296 2708 renti
319 2651 440 2723 nostro,
462 2663 554 2725 quem
575 2664 695 2711 summa
711 2643 870 2707 devotione
892 2645 1034 2723 colimus,
1053 2646 1162 2727 cuique
1183 2655 1253 2727 post
1274 2653 1376 2714 Deum

220 2742 369 2825 precipue
387 2741 627 2811 incolumitatem
637 2749 784 2822 vestram,
799 2744 1030 2824 Regnorumquc
1050 2743 1223 2807 felicitatem
1236 2749 1377 2827 quotidie

218 2840 484 2920 commendamus,
506 2848 537 2904 et
556 2840 694 2904 debitum
712 2841 789 2922 grati
810 2839 902 2903 animi
917 2841 1109 2904 redderemus
1120 2843 1321 2925 obsequium,
1344 2857 1376 2911 et

217 2939 312 3020 magis
324 2939 423 3003 adhuc
434 2940 474 3003 ad
483 2946 573 3003 tauta
584 2942 698 3003 Domus
708 2940 823 3003 tuenda
837 2947 928 3021 atque
944 2940 1121 3003 illustranda
1134 2942 1245 3004 decora
1256 2954 1375 3010 nostris

216 3037 474 3104 obsecrationibus
498 3037 740 3100 accenderemus.
767 3037 800 3099 ld
822 3039 884 3100 Nos
907 3037 1030 3117 quidem
1054 3038 1313 3121 cumulatissime,
1338 3065 1376 3107 ac

216 3133 376 3212 singulari,
391 3152 453 3214 quo
467 3132 568 3196 allecti
580 3152 653 3214 erga
670 3153 724 3196 vos
738 3152 860 3212 sumus,
877 3133 995 3215 paterni
1008 3133 1114 3214 studii,
1132 3137 1262 3216 amoris,
1278 3147 1374 3220 atque

217 3229 379 3292 alacritatis
393 3249 482 3292 sensu
495 3229 683 3311 peregimus,
697 3249 816 3311 unaque
828 3231 1001 3295 incredibile
1014 3251 1086 3295 sano
1099 3240 1160 3313 est,
1171 3253 1233 3315 quo
1243 3236 1373 3300 laudum

217 3324 341 3386 cumulo
354 3325 448 3388 simus
461 3325 595 3405 egregias
606 3325 672 3387 illas
686 3332 755 3388 tuas
766 3327 804 3387 dc
817 3347 894 3408 pace
912 3329 1106 3410 cogitationes
1116 3337 1148 3393 et
1160 3351 1249 3394 curas
1260 3352 1372 3414 prose-2

216 3419 298 3497 cuti,
316 3419 513 3502 admiratique
528 3422 669 3482 virtutem
684 3441 720 3484 ac
733 3423 911 3505 sapientiam
932 3432 1032 3504 tuam,
1047 3426 1098 3507 qui
1117 3429 1301 3509 populorum
1320 3451 1373 3494 se-

215 3515 395 3595 curitatem,
416 3536 453 3579 ac
471 3517 603 3598 quietem
617 3517 748 3582 victoriis
766 3527 798 3583 et
809 3520 968 3603 triumphis
980 3523 1139 3602 omnibus,
1158 3543 1373 3608 quoscumque

216 3623 285 3706 post
292 3636 361 3680 acra
372 3636 408 3680 ac
415 3617 592 3682 diuturnum
602 3619 716 3683 bellum
724 3640 811 3702 agere
823 3640 958 3701 unquam
968 3623 1139 3703 potueritis,
1147 3625 1371 3706 preferendum

216 3736 282 3787 esse
297 3715 459 3789 arbitratus
472 3717 522 3781 sis.
534 3717 665 3782 Proinde
680 3718 718 3782 ad
732 3725 923 3802 prestantem
934 3726 1036 3799 tuam,
1047 3727 1164 3802 tuaque
1174 3725 1289 3786 Domus
1303 3731 1372 3787 tan-

216 3813 254 3884 tis
267 3819 357 3884 antea
369 3813 454 3884 bellis
474 3822 592 3901 partam
612 3815 739 3897 gloriam
754 3835 820 3878 esse
833 3834 915 3878 nuuc
931 3816 1043 3879 factam
1062 3820 1237 3899 preclaram
1258 3820 1372 3901 buJus-

216 3911 299 3974 modi
311 3911 436 3993 potioris
449 3919 529 3974 certe
545 3931 581 3984 ac
593 3914 741 3986 solidioris
755 3913 856 4004 glorie
872 3915 1074 3978 accessionem
1085 3916 1158 3995 tibi,
1169 3917 1326 3982 carissime
1340 3921 1372 3982 iu

216 4013 333 4077 Christo
352 4014 395 4076 fili
408 4020 521 4091 noster,
534 4015 683 4094 maj0rem
695 4014 725 4076 in
737 4015 863 4076 modum
874 4017 1075 4096 gratulantes,
1094 4018 1292 4098 apostolicam
1312 4021 1372 4083 be-
1410 4053 1413 4058 Δ

216 4111 428 4192 bedictionem,
457 4130 524 4194 quaa
544 4112 680 4174 omnium
700 4112 866 4174 coelestium
883 4113 1126 4177 benedictionum
1148 4113 1370 4180 incrementum

217 4206 340 4287 alferat,
354 4209 502 4289 ltlajestati
517 4211 603 4288 Tuae,
624 4210 723 4290 Regiis
736 4209 865 4288 Liberis,
887 4210 1091 4293 universaque
1110 4212 1284 4275 Borbonica
1306 4219 1372 4278 Do-

216 4303 279 4366 mui
294 4306 495 4377 amantissime
508 4304 708 4386 impertimur.
728 4308 840 4368 Datum
858 4308 976 4379 Rome,
998 4316 1067 4385 etc,
1088 4310 1137 4370 dte
1158 4321 1195 4370 20
1212 4309 1371 4386 februarii

181 4463 186 4472 .
222 4409 290 4468 rm
299 4445 307 4476 ,
318 4408 509 4479 pontificatus
530 4409 626 4467 nostri
640 4424 720 4467 anno
731 4405 870 4466 accurtato.

691 4547 898 4558 n——a--u--u-
