3188 5414
345 535 396 585 rar
612 512 614 517 ’
776 529 980 583 cammaris
999 529 1063 582 xiv

346 635 455 715 quibus
468 641 500 695 ut
515 634 683 696 uberiorem
696 634 725 695 in
737 640 766 695 tc
779 634 910 696 divinam
921 633 1160 695 benedictionem
1171 632 1340 709 eliciamus,
1356 631 1500 709 ejusdem

349 732 500 823 auspicem
522 732 717 813 apostolicam
740 731 979 794 benedictionem
999 731 1054 793 tibi
1078 735 1270 812 peramanter
1288 729 1497 810 impertimur.

344 831 457 890 Datum
471 830 571 891 Roma
584 831 665 910 opud
679 831 820 891 Sanctam
834 832 963 890 Mariam
978 830 1120 907 lllnjorem
1134 830 1187 889 sub
1198 831 1312 890 annulo
1324 831 1500 890 Piscaton's

298 953 301 957 ·
347 927 395 986 dte
411 937 446 986 15
462 929 536 1005 maji
554 937 640 998 1771,
657 928 846 1006 pontificatus
856 930 950 987 nostri
962 944 1041 986 arao
1057 927 1196 988 secundo.

819 1136 996 1212 CXXXIX.

750 1291 941 1334 vnnnanmm
964 1291 1077 1333 rnurnr

412 1388 598 1450 MlCHAELI
618 1387 744 1447 PETRO
764 1386 1025 1447 PATRIARCHAE
1045 1385 1196 1445 CILIGIAE
1217 1386 1265 1444 ΕΤ
1285 1386 1422 1448 SYRIAE

646 1499 879 1579 CLEMENS
906 1500 1034 1576 ΡΑΡΑ
1062 1496 1168 1573 XIV.

1134 1637 1227 1695 Itomae,
1241 1642 1270 1684 25
1283 1636 1340 1696 maji
1355 1642 1427 1688 1771.

384 1742 587 1811 Venerabilis,
612 1749 667 1802 etc.
698 1739 830 1801 Reddita
852 1736 944 1798 Nobis
969 1743 1039 1797 sunt
1062 1735 1166 1796 littera
1194 1735 1405 1798 Fraternitatis
1434 1746 1492 1800 tuae

342 1838 391 1899 die
405 1839 486 1899 XXV
503 1837 602 1900 martii
620 1839 658 1899 ad
669 1839 730 1898 Nos
741 1837 828 1914 datm,
841 1836 870 1896 ln
886 1834 995 1916 quibus
1006 1834 1203 1896 commendas
1216 1833 1308 1895 Nobis
1328 1836 1492 1898 venerabi-

341 1938 402 2003 lem
418 1937 541 1998 fratrem
560 1940 706 1999 loannem
725 1936 901 2017 episcopum
925 1934 1125 2010 Mundensem,
1144 1933 1231 2010 cujus
1251 1931 1433 1996 diuturnam
1455 1955 1491 1997 ao

343 2035 493 2114 egregiam
514 2035 543 2096 in
567 2035 653 2096 vinea
676 2034 794 2096 Domini
814 2052 938 2115 operam
959 2031 1067 2110 luisse,
1088 2037 1119 2092 et
1143 2049 1223 2092 nunc
1246 2030 1490 2095 adversariorum

339 2130 495 2211 iniquitate
506 2132 608 2212 lugere
620 2132 690 2193 inde
701 2138 841 2194 coactum
858 2130 895 2190 ad
907 2131 967 2190 Nos
980 2147 1045 2189 esse
1059 2127 1187 2188 testaris.
1202 2128 1264 2188 Nos
1275 2134 1305 2187 et
1326 2134 1386 2188 tuae
1400 2147 1492 2189 com-

338 2228 551 2307 mandationis,
567 2238 597 2291 et
610 2230 744 2308 ejusdem
758 2229 795 2290 de
809 2228 943 2290 Ecclesia
961 2226 1137 2288 meritorum
1156 2225 1319 2306 plurimam
1337 2225 1490 2291 babemus

338 2327 501 2404 rationem,
515 2327 640 2409 proinde
658 2329 757 2409 ipsum
777 2327 959 2408 perbenigne
975 2324 1162 2405 excepimus;
1178 2323 1439 2403 quemadmodum
1459 2332 1490 2387 et

338 2444 375 2484 ex
394 2425 460 2505 ipso
472 2428 651 2504 cognosces,
664 2433 694 2486 et
712 2445 749 2486 ex
760 2433 863 2486 nostra
881 2424 919 2511 de
939 2423 1136 2504 Propaganda
1149 2422 1220 2483 Fide
1236 2423 1487 2502 congregatione.

335 2521 476 2584 Libenter
489 2522 581 2584 etiam
597 2523 681 2584 alteri
693 2531 746 2584 tuo
760 2525 911 2604 postulato
926 2522 1095 2594 annuimus,
1109 2529 1305 2603 receptusque
1317 2523 1383 2600 jam
1397 2530 1445 2585 est
1458 2524 1490 2586 in

341 2618 544 2699 Propogandae
563 2619 644 2681 Fidei
663 2619 825 2700 Collegium
844 2636 938 2700 nepos
958 2624 1042 2696 tuus,
1065 2618 1116 2679 ubi
1138 2617 1244 2679 studiis
1256 2636 1364 2679 vacare
1377 2619 1488 2699 possit,

337 2733 432 2795 caque
452 2715 582 2793 discere,
605 2735 671 2797 qua
694 2717 731 2778 ad
754 2724 784 2778 te
808 2735 899 2797 porro
921 2734 1059 2777 reversus
1079 2723 1147 2777 tuos
1165 2715 1195 2776 in
1216 2715 1274 2776 isto
1300 2715 1489 2777 monasterio
1538 2712 1542 2719 ’

296 2806 298 2813 ’
339 2811 462 2895 clericos
476 2813 585 2875 utiliter
599 2814 716 2891 doceat,
730 2821 818 2894 teque
837 2814 868 2874 in
883 2819 967 2874 tanta
987 2830 1130 2874 curarum
1145 2811 1224 2873 mole
1237 2817 1410 2872 versantem
1433 2831 1489 2873 sua

337 2911 473 2973 auxiliari
481 2931 573 2993 opera
582 2913 726 2975 sublevet.
737 2915 782 2974 Ex
790 2912 982 2974 lrisomnibus
991 2911 1267 2991 vides,venerabilis
1278 2910 1381 2989 irater,
1392 2931 1489 2993 quam

338 3011 564 3095 propensurnin
580 3020 609 3073 te
624 3028 764 3092 geramus
781 3011 927 3087 animum,
939 3029 1030 3091 quem
1044 3010 1075 3071 in
1093 3009 1249 3072 Dominico
1267 3029 1339 3090 agro
1357 3011 1490 3093 impigre

333 3131 369 3173 ac
384 3112 486 3172 sedule
499 3113 687 3174 laborantem
702 3110 891 3191 agnoscimus
907 3127 1058 3190 quamque
1075 3116 1181 3189 parata
1195 3108 1225 3169 in
1244 3108 1337 3169 Nobis
1347 3108 1489 3189 praesidia

337 3206 397 3266 sint
412 3206 447 3266 iis
463 3208 618 3281 omnibus,
632 3207 684 3287 qui
702 3227 733 3268 se
753 3207 910 3267 Catholicae
924 3206 993 3267 fidei
1007 3204 1123 3266 tuenda
1137 3224 1173 3266 ac
1192 3205 1411 3286 propagandae,
1434 3204 1489 3268 di-

334 3301 469 3382 vinaeque
481 3305 695 3385 amplificanda
708 3303 808 3384 gloriae
826 3303 1019 3365 devoverunt.
1038 3305 1082 3364 Ac
1097 3304 1127 3364 in
1140 3289 1297 3382 singularis
1310 3303 1341 3364 in
1356 3311 1387 3364 te
1402 3307 1489 3366 Pon-

332 3398 431 3460 tificiae
452 3400 584 3461 caritatis
604 3401 712 3481 pignus
738 3400 933 3481 apostolicam
955 3400 1192 3461 benedictIonem
1211 3400 1284 3477 tibi,
1306 3399 1489 3462 venerabilis

334 3499 450 3574 Frater,
464 3504 579 3578 tuaeque
595 3499 664 3560 fidei
686 3498 848 3560 commisso
861 3499 973 3580 populo
985 3507 1176 3580 peramanter
1197 3500 1396 3581 impertimur.
1417 3503 1487 3561 Da-

333 3603 398 3657 torn
418 3598 529 3668 Roma,
549 3605 619 3674 etc„
634 3600 684 3659 die
698 3609 734 3658 25
747 3600 821 3672 maji
837 3609 922 3674 1771,
938 3603 1134 3676 pontificatus
1148 3606 1241 3660 nostri
1264 3619 1343 3660 anno
1358 3605 1461 3660 tertio.

815 3711 997 3720 1-———

855 3819 947 3886 CXL.

591 3967 740 4009 cuurssno
764 3968 797 4009 111
820 3967 953 4008 canrsro
977 3960 1064 4008 arrio
1093 3968 1211 4010 nosrao

440 4062 634 4124 LUDOVICO
654 4064 893 4125 FRANCORUM
913 4065 1006 4125 REGI
1027 4066 1363 4130 CHRISTIANISSIMO

645 4179 878 4257 CLEMENS
905 4181 1030 4257 ΡΑΡΑ
1059 4181 1165 4258 XIV.

1097 4325 1193 4382 Itomae,
1210 4323 1297 4385 sinnii
1316 4327 1385 4372 1771.

373 4417 548 4489 Carissimo,
561 4427 615 4480 etc.
627 4419 772 4480 Certiores
782 4421 1030 4499 aMajostatcTua
1039 4419 1107 4480 facti
1114 4421 1279 4482 celebratas
1288 4439 1352 4482 esse
1359 4419 1484 4484 faustis—

331 4513 422 4574 simas
436 4517 556 4596 nuptias
571 4518 647 4578 inter
662 4517 887 4579 dilectissimum
907 4519 936 4579 in
951 4517 1068 4578 Christo
1085 4517 1181 4579 filium
1196 4525 1332 4581 nostrum
1352 4520 1485 4582 Lodovi-
