3188 5414
219 501 270 552 224
649 493 852 548 manantis
869 495 936 548 XlV

217 602 345 663 ritorum
359 599 480 677 laudes,
497 599 535 660 ad
556 618 631 679 quas
649 598 722 660 illud
739 599 830 658 etiam
854 598 922 659 addi
939 598 1031 660 decus
1052 600 1263 680 agnoscimus,
1280 609 1374 685 tuque

144 713 146 718 ·
204 701 284 780 *ipsa
297 698 384 759 facile
395 696 554 776 intelliges,
569 696 651 776 quod
664 703 694 757 te
705 704 849 776 tuamque
861 698 1029 776 Augustam
1040 699 1170 759 Domum
1181 718 1310 762 summa
1323 703 1374 763 ob

218 795 381 873 servantia,
394 796 477 856 cultu
489 795 594 875 suique
608 795 698 855 animi
710 794 902 855 veneratione
915 801 1126 875 prosequatur.
1141 798 1208 857 Duo
1221 799 1374 880 precipua

218 893 267 954 ille
281 893 311 953 in
325 891 474 953 mandatis
488 891 610 953 aNobis
620 892 727 969 habet,
739 910 805 971 qua
819 892 858 953 ad
868 898 898 953 te
913 899 1051 953 accurate
1063 898 1167 954 nostro
1179 895 1306 957 nomine
1317 897 1374 959 de-

219 989 305 1051 ferat.
326 989 461 1050 Primum
479 993 582 1050 nostra
600 988 653 1049 tibi
670 988 784 1050 eximia
799 989 829 1050 in
851 995 881 1051 te
898 998 1030 1070 paterne
1047 989 1183 1051 caritatis
1205 991 1322 1070 stadia,
1338 1014 1374 1055 ac

218 1085 318 1148 officia
331 1085 433 1147 omnia
442 1085 611 1162 testabitur,
626 1104 691 1165 quae
705 1085 818 1166 optime
833 1085 896 1167 ipse
907 1087 1009 1165 novit,
1024 1106 1118 1168 quam
1132 1088 1193 1149 alte
1207 1090 1303 1152 Nobis
1314 1092 1373 1154 im-

218 1203 333 1265 pressa,
343 1191 432 1265 atque
443 1184 531 1245 insita
538 1183 608 1261 siut,
619 1201 771 1263 quamque
780 1183 811 1244 in
821 1183 898 1245 votis
909 1203 1029 1264 semper
1036 1184 1216 1263 habeamus,
1228 1193 1264 1249 ut
1276 1188 1373 1269 reipsa

218 1280 358 1342 exhibere
367 1280 421 1341 tibi
433 1286 572 1341 nostrum
581 1278 662 1339 hunc
675 1296 748 1357 erga
757 1278 946 1356 llajestatem
959 1281 1057 1341 Tuam
1072 1279 1209 1342 animum
1219 1327 1227 1358 ,
1239 1289 1273 1344 et
1285 1301 1373 1364 egre-

216 1377 265 1456 gia
275 1377 375 1457 aliqua
390 1375 605 1456 significatione
619 1374 817 1454 comprobare
829 1374 989 1454 possimus.
1006 1376 1064 1456 lpsi
1077 1375 1167 1456 igitur
1180 1383 1212 1440 te
1224 1380 1372 1458 majorem

217 1474 248 1535 in
262 1473 390 1536 modum
406 1473 599 1535 obsecramus
615 1478 649 1533 ut
668 1471 790 1552 plenam
810 1470 952 1532 adhibere
968 1472 1040 1535 velis
1058 1473 1150 1536 iidem
1167 1474 1200 1536 in
1218 1476 1255 1538 iis
1274 1479 1373 1540 omui-

125 1604 129 1612 ·
217 1569 286 1647 bus,
297 1589 364 1651 quae
372 1575 473 1631 tecum
485 1574 588 1631 nostro
597 1568 719 1631 nomine
730 1575 851 1630 acturas
861 1576 916 1646 est,
927 1569 1085 1651 eidemque
1096 1571 1228 1652 digneris
1240 1574 1372 1639 animum

218 1668 332 1748 aperire
345 1674 433 1729 tuum
447 1685 483 1728 ac
497 1667 601 1748 palam
615 1666 724 1744 facere,
739 1685 936 1748 quecumque
949 1687 967 1730 a
980 1669 1071 1732 Nobis
1085 1669 1115 1730 iu
1124 1672 1294 1751 Maiestatis
1307 1677 1372 1737 Tae

219 1763 347 1844 gratiam
357 1764 420 1827 lieri
432 1782 537 1845 posse,
550 1765 597 1826 vel
607 1765 646 1826 ab
655 1763 821 1845 Apostolici
832 1764 987 1827 ministerii
995 1765 1091 1829 nostri
1102 1767 1288 1833 auctoritate
1299 1789 1372 1852 opus

218 1861 272 1922 tibi
292 1879 358 1923 esse
366 1860 557 1940 indicaveris.
574 1862 649 1923 Cum
661 1859 763 1941 itaque
774 1860 806 1922 id
822 1860 885 1942 ipse
899 1861 953 1923 tibi
968 1861 1006 1923 de
1019 1862 1113 1925 Nobis
1123 1863 1208 1944 quod
1221 1866 1369 1946 cupimus,

204 1959 339 2041 abunde
354 1978 411 2040 pro
426 1977 480 2021 suo
494 1976 619 2021 munere
635 1957 832 2039 persuaserit,
856 1964 920 2020 tum
933 1963 1052 2021 nostras
1065 1959 1216 2038 Maiestati
1234 1964 1310 2024 Tua
1320 1963 1372 2026 de-

218 2065 338 2139 promet
360 2078 396 2120 ac
417 2057 578 2139 explicabit
599 2057 637 2119 de
660 2057 798 2139 presenti
816 2057 956 2120 Ecclesia
975 2077 1011 2120 ac
1032 2058 1185 2139 religionis
1198 2059 1231 2122 in
1251 2062 1372 2125 Poloaia

218 2165 301 2220 statu
314 2176 403 2219 curas
418 2164 448 2218 et
461 2155 614 2218 molestias
633 2173 652 2217 a
667 2161 758 2235 teque
770 2171 839 2216 eam
850 2154 1023 2236 implorabit
1033 2155 1143 2219 nostris
1151 2157 1255 2221 verbis
1266 2178 1369 2242 opem,

217 2257 310 2336 quam
327 2253 500 2333 hujusmodi
515 2252 546 2314 in
561 2252 611 2314 illo
630 2271 725 2332 regno
744 2253 870 2314 turbatae
892 2252 1068 2335 altlictaeqae
1085 2272 1135 2317 res
1160 2257 1298 2321 maxime
1316 2259 1371 2321 boc

218 2359 354 2434 tempore
375 2351 513 2413 videntur
532 2368 705 2430 exposcere.
727 2349 889 2412 Recordari
918 2351 1004 2414 facile
1028 2359 1133 2432 potes,
1161 2355 1321 2419 carissima
1343 2356 1371 2418 in

220 2451 336 2512 Christo
353 2449 414 2510 filia
425 2454 541 2526 nostra,
556 2453 705 2527 quantum
715 2447 826 2509 idcirco
836 2449 990 2511 laboraret
1004 2451 1165 2531 pastoralis
1179 2451 1231 2514 ille
1241 2454 1371 2516 Clemen-

218 2550 256 2610 tis
278 2551 346 2610 Xlll
361 2547 587 2628 predecessoris
601 2545 695 2607 nostri
713 2546 830 2608 animus
846 2546 897 2627 qui
913 2547 950 2608 ad
964 2554 994 2609 te
1010 2547 1111 2610 literas
1130 2549 1261 2613 dederat
1273 2553 1372 2634 plenas

165 2680 169 2690 ‹
222 2654 253 2707 et
264 2645 469 2724 solicitudinis,
482 2651 513 2707 et
521 2644 656 2726 plurima
666 2644 703 2705 de
714 2651 767 2706 tuo
778 2645 809 2705 in
819 2645 992 2724 religionem
1002 2645 1101 2708 studio
1112 2665 1186 2709 cum
1196 2648 1273 2728 regii
1285 2648 1372 2711 animi

219 2742 425 2824 magnitudine
440 2742 603 2826 conjuncto
613 2740 740 2803 fiducia.
755 2742 869 2803 Eodem
885 2744 946 2804 Nos
955 2763 1058 2824 aeque,
1074 2751 1108 2805 ut
1122 2744 1290 2825 debemus,
1311 2745 1373 2808 illo

217 2859 286 2901 rum
299 2840 457 2902 Catholicae
468 2838 539 2901 fidei
549 2837 756 2901 discriminum
767 2839 956 2919 percellimur
965 2859 1054 2903 sensu
1070 2841 1239 2923 eademqne
1257 2843 1372 2926 pietatis

219 2957 254 2999 ac
264 2935 519 3018 magnanimitatis
531 2941 589 2998 tua
599 2955 664 3016 spe,
674 2953 768 3015 quam
782 2941 848 2998 tum
865 2937 957 2999 etiam
968 2938 1027 3000 tuis
1038 2939 1144 3001 litteris
1164 2941 1370 3018 confirmares,

217 3053 254 3096 ea
267 3041 327 3096 ate
340 3033 470 3115 petimus
484 3052 540 3114 pro
551 3033 663 3096 tuenda
676 3033 812 3097 Ecclesia
824 3036 977 3116 presidia,
991 3055 1058 3118 que
1078 3040 1301 3119 opportuniora
1309 3057 1373 3102 esse

218 3136 309 3210 atque
318 3129 487 3192 efficaciora
502 3131 555 3193 tibi
564 3151 620 3213 pro
629 3138 683 3193 tua
692 3132 839 3213 sapientia
847 3133 1037 3198 videbuntur.
1049 3129 1174 3198 Minime
1187 3136 1371 3213 dubitamus

218 3226 291 3306 quin
305 3225 342 3287 de
353 3226 513 3307 pontificiis
525 3227 573 3289 his
590 3228 732 3308 precibus
746 3248 815 3291 eam
829 3230 943 3293 habeas
959 3232 1125 3312 rationem,
1139 3252 1231 3316 quam
1243 3233 1287 3295 rei
1297 3253 1374 3313 gra-

220 3322 296 3383 vitas
307 3329 419 3404 tuaque
431 3344 449 3385 a
462 3331 492 3385 te
503 3323 631 3404 dignitas
644 3326 794 3405 postulat,
810 3327 880 3389 acsi
894 3346 1015 3391 necesse
1026 3328 1130 3409 fuerit,
1141 3329 1254 3413 regiam
1264 3331 1372 3407 etiam,

218 3437 311 3500 quam
324 3424 414 3483 aDeo
428 3421 578 3502 accepisti,
591 3423 756 3502 potentiam
769 3444 825 3507 pro
837 3426 890 3488 Dei
904 3446 995 3489 causa
1012 3427 1168 3508 adhibeas,
1186 3447 1281 3511 eaque
1292 3448 1372 3492 con-

219 3517 285 3580 silia
297 3517 489 3599 actionesque
499 3517 654 3600 suscipias,
672 3539 738 3600 quar
754 3519 957 3585 immortalem
970 3531 1057 3586 tuam
1071 3525 1246 3589 reddentia
1264 3528 1371 3590 Eccle-

218 3617 267 3679 sia
286 3616 371 3679 lastis
387 3617 516 3697 gloriam
532 3636 708 3700 semperque
720 3621 816 3700 magis
826 3622 1005 3703 Apostolice
1023 3623 1166 3704 Regina,
1179 3625 1265 3706 quod
1282 3625 1371 3706 geris,

218 3715 329 3778 nomen
342 3715 506 3793 illustrent,
528 3734 600 3778 oum
618 3715 793 3807 religionem
812 3737 873 3782 non
891 3721 991 3784 udnus
1008 3721 1039 3784 in
1057 3722 1168 3786 exteris
1191 3721 1371 3800 ditionibus,

217 3832 312 3894 quam
329 3813 361 3874 in
382 3812 440 3875 tuis
457 3812 564 3875 fulcias
582 3832 618 3875 ac
639 3814 761 3876 tuearis.
781 3814 840 3877 Sed
860 3816 924 3880 hac
936 3821 997 3881 Nos
1016 3819 1146 3883 breviter
1168 3819 1252 3885 hisce
1265 3821 1372 3891 ‚litteris

216 3910 426 3992 pertingimus,
444 3930 511 3992 quae
531 3912 713 3975 luculentius
729 3919 830 3976 tecum
847 3934 951 3978 coram
968 3916 1048 3979 idem
1069 3913 1258 3981 Venerabilis
1268 3919 1371 3991 Prema

216 4016 321 4072 nostro
335 4009 458 4071 nomine
476 4011 682 4090 pertractabit.
697 4014 826 4074 Demum
838 4033 931 4094 quam
944 4013 1008 4095 ipse
1022 4014 1077 4077 tibi
1093 4035 1111 4078 a
1125 4013 1220 4085 Nobis
1231 4015 1371 4096 apostoli·

217 4125 286 4168 cam
298 4105 538 4169 benedictionem
549 4106 673 4187 deferet,
684 4108 813 4170 eandem
823 4111 885 4172 Nos
893 4118 928 4173 ut
940 4109 1111 4174 divinorum
1120 4129 1286 4175 muueraun
1299 4130 1372 4175 aus·

217 4206 333 4286 picem,
345 4211 514 4286 nostreque
524 4205 638 4268 eximie
651 4206 783 4268 caritatis
795 4206 902 4287 pignus
916 4208 1022 4271 intimo
1037 4207 1156 4291 paterni
1168 4207 1270 4271 cordis
1281 4226 1372 4272 sensu

218 4290 363 4380 Maiestati
379 4305 450 4364 Tua
465 4302 669 4366 amantissime
692 4303 892 4384 impertimur.
915 4307 1246 4381 Damnationem„
1267 4307 1320 4369 aa
1338 4319 1371 4369 15

218 4402 329 4476 aprilis
352 4412 442 4478 1772,
453 4405 645 4481 pontificatus
660 4408 755 4464 nostri
770 4421 852 4465 caco
865 4410 964 4468 tertio.
