3188 5414
391 496 572 553 Eris'rOLAE
589 500 634 553 ET
654 501 786 554 BREVlh
804 497 1037 555 sttlzci‘lonx.
1238 512 1288 560 l23

142 599 315 663 donatorum
327 591 466 662 ordinum
477 603 612 665 dominio
627 604 656 665 in
666 604 767 685 Belgio
776 604 919 682 subjectis
928 605 1101 682 declararit,
1113 609 1173 668 Nos
1184 608 1288 671 iisdem

139 699 329 760 declaramus
348 717 404 779 pro
421 700 559 762 Presidio
579 701 698 763 Militari
713 702 798 764 istius
822 701 951 767 civitatis
964 702 1125 780 Gheldriae,
1148 720 1215 783 que
1230 713 1288 767 tue

140 795 280 858 Dioeccsis
293 797 364 876 pars
377 804 434 874 est,
458 817 494 859 ae
508 798 667 860 Borussico
685 799 839 861 Acatolico
856 798 986 880 Principi
997 806 1095 879 paret,
1113 800 1212 862 valida
1226 803 1287 864 sci-

140 893 207 954 licet
222 911 287 954 esse
308 893 359 954 illa
376 894 584 967 matrimonia,
603 915 668 976 qnae
686 894 798 956 ibidem
810 913 869 956 non
887 895 1101 975 infrequenter,
1117 902 1150 957 ut
1163 897 1284 975 scribis,

142 989 372 1067 contrahuntur,
394 991 470 1052 inter
483 1000 584 1073 partes
601 1011 694 1053 unam
704 991 901 1068 catholicam,
915 999 946 1052 et
962 992 1086 1053 alteram
1097 992 1284 1072 haereticam,

122 1088 195 1149 etsi
212 1081 320 1150 eadem
333 1088 435 1151 illicita
452 1089 528 1167 sint,
544 1099 635 1170 atque
650 1089 761 1151 idcirco
783 1090 821 1151 ab
835 1091 969 1152 Ecclesia
987 1090 1130 1152 damnata
1142 1098 1173 1153 et
1190 1092 1286 1154 iuter-

107 1187 217 1249 .dieta
235 1188 294 1266 ita,
310 1195 344 1250 ut
361 1188 486 1275 parochi
508 1190 620 1252 nedum
640 1208 819 1252 eonsensum
844 1207 880 1250 ac
898 1189 1088 1271 presentiam
1112 1190 1173 1252 ullo
1193 1192 1285 1254 modo

134 1291 275 1366 praestare
293 1286 426 1366 possint,
448 1286 577 1348 debeant
592 1287 694 1366 etiarn,
708 1287 907 1368 quantumin
921 1287 1071 1370 ipsisest,
1093 1288 1285 1353 intervertere

134 1382 259 1447 omnino
277 1382 333 1444 has
343 1384 464 1465 nuptias
474 1427 483 1461 ,
494 1391 584 1464 atque
596 1385 754 1466 impedire.
766 1385 796 1446 Si
808 1404 879 1448 vero
891 1386 1086 1449 nihilominus
1100 1387 1283 1452 clandestine

134 1485 294 1541 contracte
309 1479 436 1558 tuerint,
452 1480 606 1543 vinculum
628 1481 701 1543 illud
715 1489 895 1563 perpetuum
908 1481 965 1543 erit
972 1528 983 1558 ‚
1002 1488 1032 1542 et
1044 1501 1115 1562 pars
1135 1482 1283 1544 catholiea

132 1597 224 1657 porro
234 1624 243 1657 ,
258 1578 282 1639 si
304 1578 375 1639 laeti
396 1578 542 1660 poenitens
558 1579 676 1642 veniam
694 1583 787 1642 alteo
807 1589 957 1663 precetur,
975 1582 1085 1663 poterit
1106 1582 1223 1645 admitti
1245 1585 1283 1645 ad

130 1678 330 1752 sacramenta,
343 1674 490 1756 impositis
502 1676 602 1739 eidem
615 1677 795 1740 salutaribus
808 1678 1001 1759 poenitentiis.

173 1774 313 1835 Postulas
323 1792 432 1854 porro,
450 1781 485 1837 ut
500 1775 531 1836 in
544 1775 664 1845 ¹duabus
678 1783 737 1837 tuae
749 1776 886 1838 diaecesis
897 1776 1063 1856 parochiis,
1074 1794 1140 1855 que
1153 1776 1183 1837 iu
1201 1782 1282 1837 tem-

129 1872 288 1952 poralibus
300 1872 427 1934 Palatini
444 1873 521 1952 juris
532 1880 618 1950 suut,
630 1873 713 1935 iestis
727 1874 785 1934 illis
793 1872 916 1950 diebus,
929 1872 1038 1953 quibus
1057 1871 1175 1934 servilia
1188 1892 1284 1954 opera

130 1969 262 2029 exerceri
284 1987 373 2049 posse
389 1969 569 2031 Benedictus
582 1971 661 2048 XIV,
674 1976 708 2031 ut
721 1969 844 2047 scribis,
867 1969 1030 2045 concessit,
1045 1987 1064 2030 a
1083 1987 1171 2030 sacro
1188 1968 1280 2030 etiam

131 2065 280 2128 audiendo
294 2067 441 2147 populum
454 2067 596 2130 eumdem
608 2068 738 2131 liberum
748 2087 815 2130 esse
828 2067 1051 2149 permittamus.
1063 2067 1125 2128 Nos
1136 2065 1225 2146 igitur
1244 2067 1279 2128 iis

129 2161 332 2226 incommodis
342 2163 484 2244 pemroti,
495 2183 562 2245 que
573 2171 715 2230 emanant
727 2166 757 2227 in
767 2183 929 2247 pauperes,
946 2183 983 2225 ae
993 2164 1024 2225 in
1036 2182 1088 2226 eos
1100 2164 1277 2245 praesertim.

129 2258 181 2339 qui
203 2257 304 2340 opera
318 2279 354 2322 ac
370 2261 475 2323 labore
496 2261 527 2325 in
549 2262 682 2324 colendis
707 2262 786 2344 agris
807 2263 901 2324 vitam
924 2279 1001 2341 aegre
1024 2267 1208 2339 smteutant,
1223 2262 1276 2337 illi,

129 2375 222 2435 quam
234 2357 327 2420 Nobis
340 2359 535 2421 commendas
542 2405 551 2438 ,
562 2359 607 2421 tui
620 2360 717 2441 gregis
730 2361 861 2442 portioni
874 2361 1031 2425 consulere
1044 2361 1188 2439 volentes,
1200 2363 1278 2424 Fra—

128 2453 218 2514 ternit
224 2458 265 2517 ati
284 2460 342 2516 tuae
353 2473 408 2536 per
417 2463 577 2537 presentes
586 2457 701 2519 litteras
716 2457 944 2537 committimus,
959 2464 993 2519 ut
1003 2475 1108 2520 omnes
1118 2458 1276 2540 utriusque

126 2571 212 2615 sexus
226 2554 331 2617 fideles
345 2555 457 2617 ibidem
477 2556 639 2618 existentes
652 2555 689 2618 iis
708 2555 829 2630 diebus,
848 2556 959 2638 quibus
976 2555 1128 2618 servilium
1148 2575 1275 2637 operum

127 2645 303 2713 exercitium
317 2658 363 2714 est
376 2652 573 2732 permissum,
586 2653 625 2714 ab
645 2671 737 2715 onere
750 2653 843 2715 etiam
864 2649 1005 2715 audiendi
1018 2671 1139 2714 sacrum
1150 2653 1275 2734 dispen-

36 2757 38 2762 '
121 2760 202 2826 sare,
217 2749 253 2826 si,
265 2755 296 2810 et
307 2756 456 2829 quatenus
465 2752 670 2812 necessarium
683 2749 804 2812 duxeris
817 2753 828 2829 (
835 2770 925 2831 super
938 2751 1048 2832 quibus
1059 2751 1274 2814 conscientiam

122 2854 208 2907 tuam
226 2851 410 2926 oneramus)
425 2849 602 2910 anctoritate
617 2848 781 2928 apostolica
793 2848 904 2927 possis,
917 2854 947 2908 et
956 2848 1067 2907 valeas·
1083 2846 1158 2920 Quia
1171 2853 1272 2908 tamen

121 2948 316 3010 vehementer
327 2953 479 3029 optamus,
489 2954 523 3008 nt
534 2946 666 3027 populus
680 2945 780 3025 aliquo
790 2943 910 3005 studeat
918 2949 1042 3005 externo
1053 2941 1174 3022 pietatis
1183 2961 1273 3022 opere

121 3063 333 3126 compensare,
347 3043 493 3125 quidquid
504 3045 547 3105 ita
561 3042 651 3104 fuerit
666 3043 704 3103 ab
718 3049 841 3103 externa
857 3040 962 3102 itidem
979 3038 1152 3101 celebritate
1169 3039 1273 3103 immi·-

119 3148 228 3203 nntum
237 3167 245 3221 3
262 3142 479 3205 committimus
497 3141 611 3203 ideireo
629 3139 819 3202 Fratemitati
834 3145 911 3216 tuae3
926 3144 961 3200 nt
974 3137 1072 3200 eidem
1089 3138 1138 3199 vel
1158 3137 1273 3219 aliquot

23 3290 27 3298 .
119 3257 235 3319 preces,
249 3242 296 3302 vel
317 3240 398 3302 aliud
411 3239 577 3322 quodpiam
590 3245 747 3301 externum
759 3237 844 3320 pium
859 3237 1036 3300 exercitium
1049 3235 1199 3319 injungas,
1221 3241 1278 3302 cui.

118 3357 225 3401 vacare
237 3338 345 3402 debeat
365 3358 403 3402 eo
421 3338 486 3417 die,
504 3357 566 3419 quo
583 3339 621 3400 ab
640 3337 790 3401 audiendo
802 3357 889 3400 sacro
904 3337 1106 3419 dispensatur.
1123 3339 1270 3401 Caeterum

119 3453 172 3513 per
193 3434 272 3496 hane
295 3437 519 3498 concessionem
540 3442 675 3522 nostram
699 3454 760 3497 non
784 3435 969 3498 intendimus
997 3434 1110 3515 aliquid
1131 3434 1269 3498 innovari

118 3529 198 3590 circa
217 3533 310 3593 ritum
327 3539 357 3594 et
374 3533 531 3594 servitium
548 3531 650 3609 eho'ri,
665 3533 748 3593 cirea
758 3532 992 3595 celebrationem
1007 3532 1178 3595 divinornm
1197 3535 1269 3595 offi-
1293 3533 1301 3586 «3

118 3625 245 3701 ciorum,
256 3637 287 3691 et
296 3631 463 3710 praesertim
474 3630 555 3692 circa
568 3630 782 3709 obligationem
791 3631 897 3709 jejunii
917 3631 949 3692 in
965 3631 1023 3693 illis
1038 3632 1109 3712 ipsis
1120 3631 1202 3694 feriis
1215 3635 1268 3694 ob

118 3729 254 3791 'servandi
265 3776 274 3809 ,
286 3728 340 3810 qui
353 3729 526 3811 praecedunt
543 3728 620 3790 testa
635 3746 741 3790 eornm
759 3735 952 3807 sanctornm,
967 3728 1020 3809 qni
1040 3729 1187 3810 peculiari
1209 3729 1267 3792 hae

116 3826 214 3888 cultus
228 3826 426 3907 praerogativa
445 3826 612 3907 potiuntur.
629 3825 722 3905 idque
747 3824 938 3904 potissimum
960 3817 1032 3886 cum
1051 3825 1090 3887 sd
1114 3843 1203 3903 eum,
1216 3825 1266 3887 cui

116 3930 251 4002 spectare
264 3924 412 3986 debemus
433 3923 542 4000 finem,
565 3922 691 3984 minime
712 3923 915 3986 necessarium
939 3922 995 4002 sit,
1016 3924 1208 3986 sollicitudini
1229 3945 1266 3987 ac

116 4020 276 4100 vigilantiae
286 4029 346 4085 tuae
352 4019 611 4085 commendamus.
624 4021 804 4102 Magnopere
817 4021 941 4083 demum
953 4021 1110 4084 hortamur
1116 4021 1265 4084 Frater-ni*

115 4124 208 4180 tatem
222 4128 318 4198 tuam,
333 4128 368 4181 nt
383 4122 467 4182 illum
484 4119 649 4199 praesertim
665 4121 823 4200 populum,
837 4119 886 4181 cui
898 4119 962 4183 baee
976 4112 1129 4201 impertita
1140 4118 1264 4200 dispen-

113 4214 190 4277 'satio
202 4215 301 4295 luerit,
316 4223 401 4278 tanto
414 4215 522 4293 majori
531 4214 651 4294 pietatis
666 4215 966 4299 ardore,devotione,
982 4236 1017 4278 ac
1031 4216 1154 4297 spiritus
1165 4217 1262 4279 hnmi-

114 4313 196 4374 litate
212 4313 250 4374 ad
269 4313 400 4393 reliquos
414 4312 506 4374 lestos
522 4311 586 4373 dies
599 4312 795 4374 celebrandos
807 4331 844 4374 ae
857 4313 1089 4377 sanetifuandos
1103 4315 1260 4377 accendas.

116 4412 157 4471 dc
181 4410 210 4471 in
233 4411 394 4490 pontificiae
415 4411 549 4472 caritatis
575 4411 683 4491 pignus
708 4410 904 4491 apostolicam
927 4410 1168 4474 benedictionem
1194 4412 1260 4486 tibi,

117 4507 299 4569 Venerabilis
329 4511 442 4586 Frater,
465 4513 582 4588 tiracque
612 4506 681 4566 lidei
713 4507 874 4569 commisso
906 4509 1036 4589 populo,
1070 4516 1261 4590 perantanter
