3188 5414
466 520 662 576 EPISTOLAE.
674 521 719 574 ut
737 521 872 576 natvm
892 521 1132 575 sutucaloal.
1320 529 1372 584 2⁵5,

227 625 308 691 bello
323 627 415 690 Nobis
428 628 615 689 taonomine
633 633 791 708 porrecto,
807 635 868 707 q'ao
888 634 1001 688 statam
1020 625 1194 688 describens
1210 637 1372 691 contentus

226 726 445 807 Neoburgensis
458 726 575 788 Ordinis
585 728 642 787 FF.
655 728 805 790 Minornm
818 729 848 787 S.
862 728 1012 789 Francisci
1024 727 1062 788 de
1070 727 1259 794 observantia
1270 730 1372 793 Recol-

224 827 371 885 lectarum
381 831 626 904 nuncupatorum
638 824 777 886 Dioecesis
789 826 980 903 Augustanus,
993 825 1080 902 cujas
1091 824 1310 887 administratio
1319 823 1371 888 tibi

224 922 386 984 commissa
399 927 460 999 est,
475 929 505 983 et
517 921 718 983 collabentem
732 923 762 982 in
774 940 810 982 eo
825 922 993 1001 regularem
1007 921 1212 1002 disciplinam,
1226 922 1267 985 ob
1278 922 1373 984 inter-

222 1020 346 1081 missam
357 1019 509 1081 nonnullis
521 1019 560 1080 ab
578 1018 648 1080 binc
662 1019 748 1080 annis
762 1019 801 1079 ab
814 1018 949 1095 ejusdem
965 1019 1082 1081 Ordinis
1098 1019 1235 1081 Ministro
1244 1020 1373 1082 Provin-

221 1117 293 1178 ciali
311 1103 480 1178 'Provincia
500 1114 634 1178 Bavariae
653 1114 731 1176 illins
754 1113 970 1192 visitationem,
995 1121 1026 1177 et
1052 1115 1188 1177 nandum
1209 1121 1372 1195 'sequntm

221 1212 356 1291 ejusdem
377 1231 448 1272 cnm
467 1212 618 1274 nonnullis
640 1211 704 1273 aliis
726 1210 921 1275 conventibus
948 1212 994 1272 vel
1015 1211 1155 1274 domibus
1166 1210 1310 1291 religiosis
1328 1210 1372 1272 si-

222 1311 332 1372 militer
350 1311 520 1388 derelictis,
535 1310 717 1372 erectionem
731 1309 762 1371 in
780 1310 950 1373 custodiam
961 1311 1049 1389 juxta
1062 1310 1213 1375 indultum
1225 1311 1372 1391 apostoli-

221 1426 292 1469 cam
309 1407 485 1488 areligiosis
503 1407 630 1488 desuper
650 1407 846 1488 impetratam
865 1407 957 1469 Nobis
980 1407 1154 1486 hujusmodi
1173 1407 1372 1488 preparatio-

221 1522 307 1582 nem,
324 1511 453 1583 statum,
468 1522 670 1585 progressum,
687 1510 718 1565 et
735 1502 943 1567 executionem
957 1510 1161 1581 concernunt,
1178 1503 1368 1574 decernendi.

221 1600 282 1663 Nec
305 1619 367 1663 non
388 1602 470 1664 circa
492 1601 626 1663 divinum
645 1603 772 1679 cultum,
788 1602 927 1665 Ecclesia
944 1602 1102 1680 decorem,
1121 1604 1289 1683 regularem
1312 1605 1371 1667 dis

220 1698 380 1778 ciplinam,
394 1698 602 1778 religiosorum
615 1718 731 1777 mares,
747 1709 778 1762 et
791 1719 893 1762 rerum
905 1698 1117 1782 temporalium
1130 1700 1368 1783 dispositionem,

221 1794 338 1873 aliaque
356 1794 459 1856 amnia
472 1803 502 1856 et
517 1794 633 1876 singula
651 1796 690 1857 a'd
709 1803 811 1859 actam
824 1798 998 1876 hujusmodi
1009 1798 1186 1862 visitationis
1197 1801 1370 1879 quamodo—

220 1909 350 1970 cnmqae
373 1891 552 1971 pertinentia
573 1892 728 1972 diligenter
746 1893 916 1973 inquirendi
921 1919 930 1971 ;
947 1913 982 1956 ac
997 1895 1028 1956 in
1049 1895 1209 1976 premissis
1229 1897 1370 1960 omnibns

220 1996 250 2047 et
264 1987 387 2066 singulis
397 2006 595 2068 'qraaecnmqne
605 1988 808 2067 correctione,
824 1989 1034 2053 emendatione
1051 1989 1305 2055 et‘reiormatiane
1318 1990 1370 2052 in-

221 2085 322 2163 digere
346 2084 538 2163 cognoveris,
561 2085 600 2146 ad
616 2085 725 2164 regula
749 2091 780 2147 et
801 2085 1052 2149 constitutionum
1072 2085 1206 2164 ordinis,
1230 2105 1287 2149 nea
1306 2105 1369 2149 non
1488 2156 1489 2167 ,

220 2198 376 2242 sacrorum
386 2198 552 2258 canonum,
565 2181 816 2245 constitutionum
828 2183 1063 2264 apostolicarum
1076 2190 1107 2246 et
1117 2183 1237 2247 concilii
1246 2183 1369 2246 Triden-

220 2277 275 2339 tini
288 2277 495 2358 prescriptum
509 2277 695 2357 corrigendi,
716 2278 896 2341 emendandi
916 2287 947 2341 et
958 2278 1140 2343 reformandi
1150 2279 1262 2343 abusus
1273 2300 1369 2360 quos-

219 2393 349 2454 cumque
369 2374 506 2452 tollendi,
521 2394 556 2436 ac
570 2375 717 2456 inprimis
731 2375 1011 2450 divinnmcultum,
1027 2377 1261 2440 ecclesiasticam
1275 2378 1369 2445 disci-

218 2471 331 2552 plinam
355 2478 384 2532 et
405 2472 627 2533 observantiam
649 2472 835 2551 regularem,
857 2472 882 2533 si
901 2473 931 2534 in
950 2473 1050 2553 aliquo
1070 2473 1249 2552 exciderint,
1271 2475 1368 2536 modis

205 2566 358 2628 ⁴omnibus
371 2566 559 2629 restaurandi
572 2574 603 2628 et
617 2567 836 2649 reintegrandi3
849 2569 872 2629 si
890 2587 966 2648 qnos
980 2569 1011 2631 in
1035 2568 1150 2649 aliquos
1162 2570 1367 2651 delinquentes

218 2665 379 2744 repereris,
399 2666 486 2744 juxta
499 2664 659 2727 canonicas
673 2664 839 2726 sanctiones
852 2672 883 2726 et
903 2666 1051 2745 regularia
1070 2666 1207 2729 instituta
1226 2669 1367 2749 puniendi

219 2770 248 2823 ct
262 2763 443 2843 castigandi,
456 2764 572 2844 aliaque
585 2763 687 2824 omnia
700 2762 845 2840 faciendi,
857 2763 979 2842 gerendi
992 2809 999 2840 ,
1010 2763 1177 2842 statuendi,
1189 2764 1367 2827 decernendi

219 2867 249 2920 et
263 2860 458 2940 exequutioni
471 2859 687 2932 demandandi,
706 2879 772 2940 qua
787 2860 879 2923 modo
892 2861 1047 2941 premisso
1063 2881 1120 2942 pro
1137 2869 1220 2924 recto
1233 2863 1367 2940 ejusdem

219 2964 382 3018 conventas
414 2957 574 3038 regimine,
596 2957 740 3037 regularis
761 2958 973 3036 observantia,
996 2959 1197 3040 religiosaque
1228 2958 1367 3041 proisel

218 3053 385 3115 concordia,
399 3053 628 3116 confirmatione
640 3099 647 3131 ,
658 3055 705 3115 vel
714 3054 930 3118 restauratione
940 3058 1035 3137 magis
1049 3057 1080 3119 in
1091 3058 1218 3119 Domino
1228 3057 1367 3138 expedire

217 3149 415 3227 judicaveris,
430 3149 543 3212 etcum
556 3150 697 3212 omnibns
709 3157 740 3212 ct
756 3151 879 3232 singulis
893 3153 957 3216 aliis
968 3154 1159 3217 facultatibus
1171 3155 1209 3216 ad
1223 3155 1253 3216 id
1266 3174 1367 3218 neces-

218 3245 315 3323 sariis,
334 3253 364 3307 et
375 3245 564 3327 opportunis,
578 3246 818 3328 quibuscamque
832 3248 863 3312 in
876 3250 1062 3314 contrarium
1074 3270 1136 3313 non
1151 3251 1340 3315 obstantibus
1358 3278 1364 3314 :
1459 3294 1466 3308 ,

217 3343 452 3406 contradictores
470 3350 561 3425 atque
580 3344 722 3422 rebelles,
742 3345 767 3406 si
784 3346 835 3425 qui
848 3346 971 3424 inerint,
988 3366 1042 3429 per
1053 3367 1195 3412 censuras
1208 3350 1368 3414 ecclesias-

218 3438 312 3515 ticas,
328 3440 443 3520 aliaque
453 3440 530 3518 juris
550 3447 581 3502 et
600 3440 672 3503 lacti
689 3442 838 3518 remedia,
862 3443 945 3505 omni
961 3445 1162 3525 appellatione
1180 3448 1365 3527 postposita,

218 3536 435 3615 compescendo
452 3558 459 3597 ε
475 3537 613 3599 invocata
626 3538 718 3601 etiam
728 3537 769 3600 ad
780 3539 853 3616 boc,
869 3541 895 3603 si
911 3561 987 3622 opas
1000 3542 1106 3621 fuerit,
1123 3545 1232 3630 cutilia
1251 3545 1366 3607 brachii

218 3631 379 3693 saecularis.
397 3633 574 3696 Mandantes
587 3643 746 3716 propterea
757 3636 787 3697 in
799 3637 908 3700 virtute
923 3646 1033 3702 sancta
1048 3641 1240 3718 obedientia,
1254 3661 1290 3704 ac
1310 3644 1366 3704 snb

218 3728 429 3809 indignationis
440 3737 565 3809 nostra,
578 3732 701 3813 aliisque
711 3733 836 3796 arbitrio
846 3743 948 3804 nostro
962 3725 1150 3817 imponendis
1160 3738 1254 3819 poenis
1264 3738 1366 3803 omni-⁴

217 3826 274 3888 bas
286 3834 316 3888 et
334 3826 455 3908 singulis
477 3827 609 3909 predicti
626 3837 789 3893 conventus
807 3831 1022 3913 superioribus,
1044 3832 1186 3896 fratribus
1209 3842 1240 3896 et
1262 3849 1365 3914 perso·

217 3926 278 4003 nis,
294 3927 464 4009 ceterisque
478 3927 517 3990 ad
534 3946 610 4008 quos
626 3935 742 4009 spectat
756 3937 790 3990 ut
803 3937 832 3993 te
853 3937 884 3993 et
899 3948 1043 4011 personas
1057 3932 1307 3995 emlesiasticasa
1323 3939 1364 4007 te,

219 4033 251 4095 nt
264 4027 430 4105 prefertur,
440 4026 716 4108 subdelegandasin
726 4027 894 4092 visitatores
911 4028 1092 4109 apostolicos
1104 4049 1123 4092 a
1133 4029 1236 4107 Nobis,
1250 4035 1283 4097 nl
1292 4046 1365 4110 pra-

217 4121 322 4200 l'ertar,
344 4122 506 4204 deputatos
527 4130 699 4186 reverenter
716 4125 880 4206 accipiant,
895 4131 1026 4206 tuaque,
1047 4133 1078 4187 et
1093 4126 1212 4188 illarum
1232 4126 1365 4192 salubria

218 4214 333 4281 monita
343 4229 373 4282 et
387 4223 530 4285 mandata
544 4222 697 4284 humiliter
710 4223 889 4304 suscipiant,
900 4228 931 4284 et
943 4221 1104 4287 efficaciter
1118 4221 1281 4302 adimplere
1295 4237 1365 4303 pro*-

218 4323 340 4394 curent,
363 4319 496 4399 alioquin
510 4319 705 4390 mutantium,
721 4320 782 4383 sive
793 4338 925 4400 partam,
935 4338 1028 4399 quam
1040 4320 1096 4382 rite
1108 4319 1230 4397 tuleris,
1242 4327 1365 4385 sansta-

219 4413 312 4475 tueris
329 4413 363 4474 in
382 4414 524 4495 rebelles,
538 4422 636 4479 ratam
647 4416 842 4494 babebimus,
855 4424 886 4480 et
898 4417 1059 4497 iaciemus,
1079 4424 1201 4481 anctore
1214 4419 1361 4495 Domino,

219 4529 313 4590 usquc
333 4511 372 4572 ad
387 4512 566 4600 caradignam
578 4514 811 4578 satisfactionem
825 4514 1032 4595 inviolabiliter
1045 4515 1208 4577 obsarvmi.
1223 4518 1288 4580 Non
1304 4516 1362 4579 ob-
