3188 5414
222 485 269 535 rsa
346 486 349 492 '
649 476 853 534 Clementis
871 478 936 533 XiV

217 602 365 662 caremus,
384 604 451 666 quae
467 582 558 646 enimi
573 583 616 645 tui
627 584 706 646 iacta
718 593 795 646 esset
808 604 862 667 per
873 584 1005 647 divinam
1017 581 1145 663 gratiam
1156 579 1371 656 commutatio,

217 701 279 764 qno
292 683 357 761 jam
368 681 509 761 flagrares
520 680 669 758 religionis
683 680 800 760 studio,
820 700 881 762 qua
898 681 1044 742 charitate
1058 683 1137 756 Deo,
1151 697 1214 760 qua
1231 677 1294 739 fide
1310 680 1374 738 Ec

219 781 326 858 clesiae,
336 798 397 860 qua
407 777 500 842 Nobis
510 786 678 860 sancteque
687 779 758 842 hnic
770 777 838 842 Sedi
850 780 962 860 pietate
972 774 1202 854 adheresceres,
1212 782 1317 836 tenere
1330 775 1374 835 la-

219 878 329 941 crimas
341 894 402 958 pre
415 875 525 957 gaudio
542 895 604 939 non
618 877 789 958 potuimus,
807 876 915 939 dilecte
937 870 980 938 iiii
999 868 1108 938 nobilis
1125 875 1181 952 vir,
1202 891 1374 953 manusque

221 981 311 1057 atque
329 973 433 1036 oculos
451 973 482 1034 in
493 974 599 1036 celum
618 973 720 1036 statim
731 975 907 1036 extollentes
918 971 1023 1035 divine
1036 970 1248 1034 misericordie
1257 969 1374 1048 magni-

220 1071 356 1134 tudinem
370 1069 561 1150 agnovimus,
573 1082 710 1151 quasque
725 1068 875 1132 valuimus
892 1068 1040 1131 maximas
1053 1086 1109 1149 pro
1129 1067 1281 1133 immensa
1294 1064 1326 1125 in
1343 1071 1375 1124 tc

222 1167 405 1251 benignitate
415 1165 527 1247 gratias
538 1165 826 1247 beo-persolvimus.
844 1167 1005 1226 Summum
1016 1163 1097 1225 enim
1115 1162 1146 1222 in
1159 1161 1222 1223 Nos
1235 1159 1320 1240 ipsos
1335 1158 1374 1220 ab

221 1283 258 1328 ec
273 1264 416 1328 collatum
434 1262 615 1326 beneficium
626 1261 872 1338 existimavimus
885 1279 956 1323 cum
967 1268 1031 1322 tam
1042 1259 1186 1321 dilectum
1199 1257 1309 1336 filium,
1321 1257 1373 1338 qui

225 1384 243 1426 a
258 1368 385 1446 patema
397 1356 491 1423 domo
501 1359 626 1437 exierat,
638 1358 704 1439 ejus
715 1360 783 1422 luce
793 1356 959 1440 pertusum,
971 1359 1037 1437 ejus
1050 1351 1134 1418 dictu
1145 1355 1185 1418 ad
1197 1356 1262 1416 Nos
1276 1373 1375 1416 rever-

221 1464 335 1522 tentem
351 1456 579 1538 receplssemus.
604 1452 709 1538 ltaque
728 1448 946 1536 jucundissim0
969 1462 1000 1517 te
1021 1453 1187 1536 excipimus
1201 1452 1323 1525 animo,
1344 1458 1374 1514 tc

223 1550 451 1638 complectimur
463 1552 516 1615 tuo
526 1548 625 1615 reditu
646 1565 734 1615 curas
747 1559 865 1615 nonnas
875 1551 1021 1630 solamur,
1036 1568 1072 1614 ac
1084 1549 1254 1613 latissimos
1273 1544 1374 1612 Ercle

223 1653 284 1730 sire,
295 1645 448 1731 libitisque
459 1650 515 1712 hos
524 1662 590 1712 esse
599 1668 660 1732 prm
673 1649 781 1713 ceteris
791 1655 967 1732 reputamus
978 1650 1053 1712 dies.
1064 1650 1109 1710 Ex
1120 1648 1179 1711 hac
1186 1642 1375 1729 jucunditate

127 1754 133 1769 ⁸
224 1743 263 1810 de
277 1748 309 1810 te
323 1743 427 1809 nostra
438 1743 522 1807 vides
534 1742 671 1826 prolecto
684 1793 692 1823 ,
706 1762 799 1826 quam
811 1753 990 1828 perpetuam
1000 1758 1069 1808 eam
1084 1744 1177 1807 Nobis
1192 1758 1375 1826 perennem

224 1855 360 1926 queesse
374 1841 550 1924 cripiamus3
568 1840 693 1924 proinde
714 1847 809 1908 Deum
822 1843 922 1926 ipsum
935 1860 1118 1926 magnopere
1136 1842 1373 1918 obsecravimus,

225 1945 260 2005 ut
282 1954 376 2024 quam
388 1936 442 2003 tihi
466 1945 600 2003 mentem
618 1934 721 2018 dedit,
741 1946 930 2005 constantem
948 1941 1154 2023 propositique
1174 1947 1315 2002 tenacem
1334 1936 1376 2001 ia·

225 2038 285 2118 xit,
307 2048 486 2119 semperque
505 2037 602 2116 magis
620 2054 674 2100 cor
691 2044 779 2100 tuum
798 2037 956 2106 adomnia
976 2030 1183 2120 persequenda
1204 2035 1377 2098 Gbnciana

226 2136 344 2199 astutis
359 2131 461 2198 oiiicia
473 2134 584 2198 excitet
597 2140 687 2218 atque
701 2134 877 2198 inflammet.
898 2132 932 2198 ld
946 2135 1139 2219 potissimum
1154 2133 1272 2216 precati
1286 2152 1377 2196 accu-

226 2231 375 2295 ratissime
389 2244 509 2308 murus,
529 2230 604 2293 dum
624 2226 840 2313 acceptabilem
853 2232 880 2293 ei
898 2227 1030 2294 bostiam
1049 2230 1240 2308 offerremus,
1260 2230 1378 2311 ipsim-
1460 2250 1468 2264 ·

226 2340 286 2408 que
298 2325 330 2388 id
339 2339 462 2389 sacmm
472 2339 529 2409 pro
540 2335 664 2390 tuorum
674 2336 870 2409 peccatorum
879 2328 1061 2410 expiatione,
1072 2342 1189 2410 proque
1200 2326 1309 2390 anime
1320 2334 1378 2390 tue

228 2422 336 2501 salute
349 2440 385 2485 ac
397 2423 429 2485 in
444 2431 584 2506 suscepto
597 2424 724 2487 consilio
742 2425 905 2487 stabilitate
917 2425 1056 2503 lecimus,
1072 2433 1162 2506 atque
1177 2424 1379 2506 imposterum

227 2520 320 2583 mam
332 2519 408 2582 dum
422 2518 596 2602 superstites
611 2520 735 2598 emaus,
754 2520 919 2583 certissime
935 2521 1134 2598 decrevimus,
1155 2518 1272 2601 tibique
1289 2519 1380 2602 polli-

228 2626 333 2678 cemur
343 2631 493 2678 memores
502 2615 564 2678 lios
575 2624 693 2697 semper
703 2616 748 2678 tui
757 2616 789 2678 in
800 2615 957 2686 incruento
966 2617 1137 2700 peragendo
1146 2616 1302 2681 mendcio
1314 2637 1382 2682 esse

228 2712 358 2775 iuhnos.
373 2713 501 2778 Omnem
521 2726 595 2775 sane
614 2713 675 2774 Nos
693 2706 834 2776 dabimus
852 2732 977 2796 operam
993 2723 1143 2797 quantum
1158 2717 1191 2778 in
1206 2711 1302 2780 Nobis
1314 2723 1380 2795 est,

229 2808 405 2872 utdivlnam
422 2809 478 2875 tibi
495 2816 674 2892 perpetuam
687 2828 793 2891 opem,
808 2828 846 2874 ac
859 2828 1003 2874 mansura
1018 2830 1137 2895 semper
1154 2810 1291 2877 subsidia
1309 2826 1381 2878 eum

228 2907 259 2968 in
270 2902 397 2969 modum
406 2922 628 2988 comparemus.
639 2908 686 2970 ’lu
698 2905 812 2972 veroid
824 2926 890 2989 age,
903 2914 993 2990 atque
1004 2909 1036 2970 in
1047 2927 1084 2973 eo
1100 2909 1250 2991 precipue
1263 2909 1381 2989 insiste,

228 3008 368 3084 atquem
385 3001 461 3065 adeo
474 3004 640 3086 propitium
657 3002 805 3068 hactenus
819 3013 961 3088 expertus
981 3023 1025 3084 es,
1045 3024 1166 3088 semper
1175 3002 1385 3087 ejundernbo-

228 3099 353 3162 nmen
368 3116 441 3180 erga
451 3104 483 3161 te
499 3116 657 3181 provooes,
668 3102 794 3183 ejusque
806 3101 918 3176 fiducia
931 3101 1116 3172 sustenteris,
1132 3104 1209 3165 Eam
1222 3110 1383 3186 tamquam

229 3196 457 3278 inexpugnabile
474 3204 595 3259 scutum
610 3196 761 3269 formidini
772 3198 822 3275 ¹illi
831 3244 840 3276 ,
858 3218 925 3280 quae
939 3199 1075 3268 animum
1093 3205 1181 3265 tuum
1197 3199 1383 3267 infirmitatis

229 3292 385 3355 conscium
398 3288 532 3354 demittit
546 3293 697 3356 interdum
709 3314 745 3356 ac
757 3294 920 3378 depremit,
934 3298 1077 3361 audacter
1089 3315 1245 3380 opponere
1257 3318 1382 3364 necesse

229 3391 293 3465 cst,
305 3393 398 3469 teqrre
417 3405 480 3453 non
495 3389 560 3466 iam
570 3390 602 3450 in
618 3395 683 3467 tua,
698 3387 751 3452 sed
770 3392 800 3454 in
815 3392 922 3456 divinae
940 3395 1042 3476 gratie
1062 3396 1172 3459 virtute
1185 3399 1383 3463 cucumare.

230 3486 308 3546 Snvvs
321 3485 472 3549 catellam
486 3486 525 3548 ad
539 3486 668 3576 salutem
679 3487 780 3567 timor,
793 3509 830 3553 ac
843 3492 1009 3573 plurimum
1028 3492 1175 3556 debemus
1191 3494 1224 3557 in
1244 3514 1288 3559 ea
1305 3512 1383 3578 opr-

229 3580 325 3643 rnuda
339 3578 479 3645 humana
495 3591 609 3646 natura
625 3585 738 3648 viribrrs
761 3585 908 3661 diffidere,
926 3589 984 3651 Sed
1005 3591 1147 3672 praclne
1164 3592 1326 3674 proposita
1338 3601 1389 3658 est

230 3677 322 3753 Nobis
331 3680 514 3760 Angelorum
525 3681 556 3743 in
567 3683 696 3764 mystica
705 3685 756 3746 illa
769 3687 852 3759 scala
860 3688 957 3749 Jacob
970 3689 1196 3751 ascendentium
1207 3709 1244 3751 ac
1252 3690 1391 3754 dmcen-

229 3774 366 3850 dentium
379 3775 517 3852 unitatio.
535 3781 593 3860 Spe
612 3799 721 3861 nempe
734 3791 838 3844 nostra
850 3783 889 3844 ad
909 3787 1004 3844 Deum
1022 3785 1226 3862 ascendimus,
1238 3804 1279 3848 ac
1292 3806 1391 3869 supra

230 3873 292 3934 Nos
314 3874 395 3956 ipsos
416 3893 454 3937 eo
474 3877 634 3939 miserante
657 3897 693 3940 ac
713 3880 839 3958 juvante
861 3897 1010 3943 conamur
1029 3880 1266 3945 :descendimus
1292 3901 1388 3961 vero,

230 3987 301 4038 cum
314 3971 353 4033 ad
366 3971 531 4034 humanam
544 3974 721 4054 respicimm
732 3976 980 4053 imbecillitatem,
995 3977 1129 4058 nihilque
1138 3978 1302 4041 conatibus
1315 3998 1392 4044 nos-

231 4067 285 4128 tn's
296 4067 417 4131 efficere
432 4069 494 4130 Nos
513 4089 602 4152 posse
621 4071 823 4152 intelligimus.
836 4075 915 4146 Dum
933 4073 973 4135 nd
992 4073 1134 4137 sublimia
1144 4073 1272 4146 bimur
1286 4076 1392 4140 manis

231 4160 317 4235 iacile
334 4171 433 4245 potest
447 4165 478 4226 in
496 4165 597 4237 animo
610 4167 756 4248 obrepere
771 4170 865 4240 nostri
881 4171 1076 4249 confidentia,
1097 4191 1159 4252 qua
1175 4173 1393 4239 existimemus

232 4258 292 4326 Nos
304 4258 414 4340 nliqrtid
427 4280 493 4325 esse
514 4280 586 4325 cnm
605 4262 680 4324 nihil
693 4265 798 4341 simus,
816 4285 853 4327 ac
866 4267 947 4348 ipsos
960 4270 1021 4330 Nos
1034 4270 1227 4340 sedummus,
1244 4272 1293 4333 Ac
1318 4280 1392 4336 tum

231 4350 366 4432 proiecto
384 4356 514 4424 saluum
532 4355 717 4423 ailererrdum
731 4359 995 4442 adhibendamque
1010 4364 1126 4425 timoris
1135 4372 1182 4426 est
1192 4367 1390 4446 remedium,

234 4468 269 4510 ac
284 4450 333 4511 iila
345 4458 456 4514 temere
476 4474 507 4516 sr
522 4455 660 4516 attollens
671 4457 814 4536 (agitatio
827 4459 935 4538 inopie
948 4469 1056 4523 nostre
1067 4463 1313 4526 cmvsideratione
1323 4462 1391 4527 tie-
