3188 5414
472 527 652 581 EPISTOLAE
664 527 715 579 ἘΤ
732 528 863 580 ΒΒΕἮΑ
879 527 1111 581 SELECTlOlltl.
1309 532 1361 582 803

221 639 310 694 natus
329 626 548 692 inducerentur.
565 629 654 690 ntiud
668 630 759 691 etiam
777 630 972 709 cogitationes
992 634 1111 691 nostras
1130 643 1184 690 suo
1199 631 1266 708 jure
1281 650 1361 710 quo-

220 728 383 791 dammodo
396 727 548 806 efflagitat,
564 727 706 788 nimirum
720 735 893 790 sanctorum
902 729 959 788 'XII
973 729 1187 807 Apostolorum
1199 728 1368 808 templum,-

220 827 269 885 cui
283 830 313 885 et
326 823 366 885 ob
380 823 511 903 pristinae
524 822 632 884 nostre
645 823 713 891 vita
726 823 911 903 institutique
923 823 1053 884 rationes
1067 829 1097 884 et
1113 823 1153 884 ob
1171 822 1305 901 ejusdem
1319 824 1361 884 ti-

187 968 190 970 >
220 923 316 984 tulum
328 921 358 981 in
370 920 587 982 cardinalatus
603 920 696 982 Nobis
707 928 824 999 gestum
841 919 977 980 obstricti
993 938 1029 981 ac
1041 919 1180 1000 propensi
1197 919 1361 999 plurimum

220 1037 333 1080 sumus.
354 1018 481 1079 Proinde
502 1018 594 1079 Vobis
613 1015 816 1096 significamus
830 1017 904 1078 illud
917 1017 1009 1078 etiam
1028 1021 1170 1078 ornatum
1193 1024 1283 1096 atque
1304 1017 1361 1078 ad-

219 1117 344 1178 ductum
358 1116 394 1178 iri
408 1117 445 1178 ad
459 1134 527 1177 earn
543 1116 691 1196 speciem,
707 1134 773 1196 quae
786 1122 817 1176 et
830 1115 921 1194 hujus
935 1114 1016 1176 urbis
1035 1114 1223 1195 amplitudini
1239 1122 1270 1176 et
1280 1120 1368 1176 tem-¹

219 1217 300 1298 poris
315 1216 466 1278 sanctitati
476 1215 642 1276 conveniat.
655 1214 768 1289 Quibus
777 1214 896 1297 templis
906 1214 988 1276 hunc
999 1214 1031 1275 in
1044 1215 1168 1276 modum
1179 1214 1368 1276 instruendis*

218 1314 291 1375 dum
302 1315 374 1390 Nos,
386 1313 579 1374 Venerabiles
589 1313 920 1390 Fratres,distinemur,
933 1312 972 1374 ad
983 1320 1106 1375 caeteras
1117 1313 1199 1375 urbis
1208 1314 1359 1389 ecclesias

223 1411 303 1492 quod
318 1412 424 1472 attinet
442 1428 546 1472 earum
564 1411 721 1491 plerasque
740 1411 856 1473 eximiae
875 1410 1189 1472 vestra-sollicitudini
1201 1429 1237 1472 ac
1256 1411 1359 1491 pietati

219 1508 477 1586 commendamus.
490 1509 565 1568 Cum
579 1508 681 1570 multae
693 1505 789 1585 vobis,
803 1508 852 1570 vel
870 1508 901 1569 in
919 1508 1041 1569 titulum
1055 1508 1101 1568 vel
1116 1508 1146 1568 in
1158 1508 1359 1588 patrocinium

220 1610 285 1697 sint,
298 1608 425 1685 traditae,
440 1607 631 1685 vehementer
648 1605 795 1687 cupimus
808 1623 921 1686 vosque
941 1605 972 1666 in
992 1605 1120 1667 Domino
1141 1604 1312 1682 hortamur,
1327 1612 1361 1666 ut

219 1709 320 1787 palam
340 1706 481 1768 omnibus
497 1705 560 1766 fieri
583 1705 698 1781 velitis,
718 1711 862 1786 quantam
881 1703 1071 1765 sedulitatem
1089 1705 1118 1764 in
1143 1704 1201 1765 bac
1224 1705 1358 1765 muneris

217 1803 307 1865 vestri
324 1809 410 1882 parte
431 1801 594 1863 collocetis.
605 1802 784 1881 Magnopere
799 1818 954 1880 speramus
968 1800 1032 1860 fore
1043 1805 1077 1861 ut
1092 1801 1150 1862 hac
1161 1801 1304 1881 praeclara
1323 1821 1359 1862 ac
1430 1875 1433 1882 ¹

219 1905 325 1963 mutua
335 1904 438 1960 nostra
452 1894 489 1959 de
497 1916 601 1961 rerum
612 1892 766 1959 sacrarum
778 1902 924 1976 apparatu
930 1896 1121 1958 contentione
1130 1906 1245 1958 ceteros
1255 1915 1360 1958 omnes

218 1997 326 2075 etiam,
345 1996 383 2057 ad
399 2014 475 2076 quos
486 1995 679 2075 templorum,
693 1993 951 2071 nosocomiorum,
966 1999 1057 2074 atque
1070 1993 1270 2074 hospitiorum
1288 2012 1366 2055 cura*

218 2095 347 2174 pertinet
364 2094 402 2155 ad
416 2084 555 2171 'eJusuem
569 2090 659 2153 studii
678 2091 876 2153 imitationem
887 2092 1064 2153 excitemus.
1087 2091 1172 2165 Quod
1192 2098 1226 2152 nt
1249 2081 1360 2152 certius

220 2209 414 2274 assequamur
427 2197 531 2254 nostro
543 2188 713 2272 apostolicae
729 2188 904 2253 visitationis
920 2191 1082 2252 secretario
1096 2190 1314 2268 mandavimus,
1326 2199 1359 2252 ut
1459 2230 1462 2241 ‚

219 2294 293 2353 alias
305 2311 409 2354 omnes
424 2293 530 2368 obeat,
545 2310 580 2352 ac
593 2289 751 2370 perlustret
766 2291 906 2352 ecclesias
918 2289 1070 2372 Nobisque
1088 2295 1226 2350 accurate
1238 2289 1357 2366 referat,

219 2388 330 2470 siquid
349 2390 379 2450 in
400 2388 436 2449 iis
449 2394 637 2468 compareat,
648 2388 729 2468 quod
742 2389 800 2449 loci
819 2389 970 2451 sanctitati
993 2391 1117 2451 minime
1138 2388 1176 2452 sit
1196 2395 1359 2452 consenta-

218 2506 320 2565 neum,
333 2487 473 2568 quodque
489 2504 613 2567 operam
625 2492 760 2547 nostram
773 2487 820 2547 vel
831 2486 1041 2550 auctoritatem
1052 2486 1208 2548 desideret.
1220 2485 1278 2548 Sed
1288 2503 1360 2549 cum

219 2584 283 2645 haec
300 2591 433 2662 externa,
444 2603 512 2665 quae
522 2583 553 2645 in
563 2602 677 2660 sensus,
690 2590 778 2663 atque
793 2586 897 2646 oculos
910 2585 1078 2665 incurrunt,
1087 2604 1122 2647 ac
1133 2586 1360 2667 quodammodo

219 2680 255 2739 ad
271 2680 412 2741 interiora
423 2680 568 2741 virtutum
575 2678 715 2759 praesidia
723 2678 837 2740 facilius
850 2679 1055 2760 conquirenda
1068 2679 1193 2758 ducunt,
1203 2680 1361 2760 diligenter

218 2775 337 2854 provisa
350 2775 460 2835 fuerint
471 2781 536 2834 tum
549 2774 593 2834 'ad
606 2791 659 2850 ea,
682 2791 749 2852 quas
768 2774 921 2854 praecipua
944 2781 1031 2850 sunt,
1051 2775 1194 2834 nimirum
1210 2773 1247 2834 ad
1262 2776 1360 2853 ipsam
1416 2813 1418 2817 -

218 2870 387 2930 animarum
400 2867 643 2943 aedificationem,
656 2874 687 2927 et
700 2867 805 2928 intima
818 2868 938 2947 spiritus
952 2874 1127 2929 ornamenta
1143 2870 1359 2946 comparanda,

221 2970 249 3027 in
269 2967 329 3048 quo
350 2966 441 3027 divini
459 2967 556 3028 cultus
572 2984 607 3027 ac
618 2963 767 3043 religionis
782 2964 875 3042 vires,
889 2971 919 3025 et
930 2971 1038 3025 natura
1049 2963 1218 3027 continetur
1232 2963 1360 3041 gradum

218 3063 372 3125 iaciemus.
395 3065 466 3137 Quae
486 3061 609 3124 consilia
626 3060 700 3121 dum
715 3077 876 3121 >versamus
900 3059 1000 3121 animo
1024 3078 1060 3121 ac
1082 3059 1213 3121 rationes
1236 3068 1359 3135 omnes,

217 3161 325 3241 quibus
338 3160 368 3221 id
382 3160 480 3241 aptius
489 3153 616 3220 obtineri
631 3175 650 3218 a
663 3154 755 3217 Nobis
767 3156 862 3236 possit
882 3161 1101 3236 consectamur,
1123 3155 1361 3236 omnipotentem

218 3262 312 3321 Deum
323 3258 408 3321 enixe
425 3258 634 3333 obsecramus,
649 3260 683 3315 ut
697 3271 757 3314 sua
769 3252 896 3315 coelestis
914 3253 1016 3334 gratia
1035 3253 1169 3316 subsidio
1190 3253 1241 3315 illa
1257 3252 1361 3314 omnia

218 3378 284 3439 qnae
308 3358 345 3418 ad
365 3374 450 3419 suam
464 3354 590 3436 gloriam
609 3351 739 3414 maxime
758 3351 944 3430 conducant,
963 3352 1059 3434 parati
1079 3351 1274 3432 instructique
1298 3369 1361 3412 una

217 3457 371 3518 vobiscum
384 3453 599 3535 aggrediamur.
682 3484 685 3488 ,

694 3546 877 3561 ...-.-.-..ι,

707 3639 855 3709 CCLXV.

560 3774 688 3831 nruecro
712 3788 792 3830 nitro
815 3788 919 3830 nomm
942 3789 1014 3830 vrao

423 3963 425 3969 ¹
548 3942 550 3947 .
598 3887 690 3949 nucr
711 3886 982 3958 n’nrcunuon,
1240 3952 1242 3956 ,

320 4036 324 4047 ,
416 3994 607 4045 SEGRETARIO
630 3993 745 4042 STATUS
770 3993 860 4050 REGIS
882 3992 1158 4054 GllRlSTIANISSlMl,

526 4087 758 4169 CLEMENS
786 4091 915 4166 PAPA
941 4089 1047 4166 XIV.

983 4231 1077 4289 Romae,
1092 4235 1121 4278 20
1134 4229 1215 4290 aprilis
1230 4233 1296 4279 r77t.

261 4332 393 4401 Dilecto,
408 4339 461 4391 etc.
475 4329 567 4404 'Quod
583 4329 700 4390 assidue
716 4330 809 4391 Nobis
823 4335 958 4390 versatur
977 4333 1045 4389 ante
1063 4326 1167 4388 oculos
1184 4328 1360 4408 perspectis·

218 4422 327 4490 simum
340 4425 428 4509 atque
438 4427 585 4490 excellens
593 4434 678 4488 tuum
691 4426 718 4487 in
733 4428 811 4503 Nos,
823 4445 858 4486 ac
868 4432 1003 4487 sanctam
1017 4424 1096 4485 hanc
1109 4424 1216 4485 Sedem
1226 4424 1359 4485 studium

218 4529 275 4589 boo
294 4525 457 4608 praesertim
474 4532 609 4605 tempore
636 4544 701 4604 quo
721 4526 757 4586 do
779 4524 939 4584 nanninus
954 4522 1152 4583 ctBenerenti
1173 4521 1360 4584 restitutione
