3188 5414
403 560 405 563 ·
474 493 655 549 massona
673 496 718 549 m
734 496 1127 555 annulasunucmcua.
1168 481 1179 537 Ι
1320 504 1372 552 aaa

708 653 879 726 CLXXXI.

677 804 809 847 umecta
831 806 929 848 ululo·

621 891 789 953 aurium
810 893 973 968 munau,

221 1009 331 1059 aueum
352 1006 510 1055 crunnum
532 1003 756 1052 uouncnunun
776 996 1370 1050 aasnmus1uucnAE00-urncu1ranuu

526 1087 801 1142 eonemcnrmms
816 1089 841 1138 s.
858 1089 1066 1148 samaraeus,
1207 1099 1209 1103 ·

473 1177 763 1282 cennens
792 1154 959 1254 rara
987 1173 1114 1252 aru.

800 1379 802 1383 .
979 1337 1073 1393 Romae,
1089 1339 1097 1382 1
1114 1334 1226 1382 februarii
1242 1338 1308 1382 1772.

262 1425 395 1492 Dtlcete,
415 1429 472 1482 etc.
492 1420 571 1505 Nihil
583 1421 703 1504 'gratius
722 1422 813 1484 Nobis
834 1429 923 1503 atque
946 1422 1098 1503 acceptius
1119 1427 1180 1498 est,
1194 1421 1302 1482 dilecte
1317 1421 1371 1496 fili,

221 1536 313 1597 quam
327 1517 463 1580 omnium
473 1523 606 1591 vestrum
616 1516 653 1578 de
665 1523 899 1598 paternancstra
908 1517 1034 1580 caritate
1043 1517 1186 1580 fiduciam
1196 1537 1371 1600 agnoscere,

192 1645 195 1650 ·
221 1634 351 1695 quorum
363 1623 392 1676 et
406 1613 436 1676 in
451 1613 577 1674 colenda
591 1612 709 1675 Domini
725 1614 812 1679 vinea
825 1614 1071 1693 sollicitudinem,
1091 1621 1181 1695 atque
1195 1615 1372 1678 industriam

221 1711 487 1790 commendamus,
502 1719 532 1773 et
544 1730 605 1774 non
618 1709 792 1792 ignoramus
802 1731 865 1790 eas,
875 1713 984 1794 quibus
1002 1712 1033 1775 in
1044 1712 1200 1797 prasentia
1215 1713 1373 1775 conllicta-

220 1809 310 1887 mini,
324 1809 531 1889 sublevarique
548 1807 660 1879 ideireo
681 1809 838 1888 flagitatis⁷
858 1809 1019 1890 angustias.
1036 1811 1098 1871 Nos
1111 1804 1247 1890 prolecto
1262 1801 1372 1891 praestu'

220 1905 307 1966 vobis
332 1923 450 1985 semper
473 1923 537 1966 esse
558 1905 690 1968 maxime
710 1904 865 1990 cupimm,
886 1912 1050 1986 vestraque
1073 1905 1111 1967 de
1131 1906 1242 1986 pietate
1265 1906 1296 1979 in
1318 1904 1373 1967 vos

220 2009 324 2062 nostra
333 2000 535 2082 expectationi
545 2018 607 2062 non
615 2000 732 2082 impare
742 2020 797 2089 ves
803 2001 962 2080 adjuvandi
973 2003 1136 2083 cupiditate
1143 2002 1370 2082 respondemus.

220 2102 300 2160 Eum
322 2098 404 2159 enim
425 2099 456 2160 in
477 2098 604 2160 modum
615 2097 809 2161 libentissime
830 2105 860 2161 et
879 2100 1071 2161 benemeritis
1087 2099 1320 2180 gratiliaremur‚
1342 2106 1373 2159 et

219 2214 327 2257 eorum
343 2195 459 2258 animos
480 2195 519 2257 ad
535 2195 707 2276 preclarius
720 2195 812 2258 etiam
826 2196 865 2258 de
875 2196 1024 2259 catholica
1039 2197 1180 2278 religione
1194 2196 1372 2258 merendum
1485 2218 1488 2223 ·

219 2293 371 2355 beneficiis
389 2293 498 2354 nostris
515 2291 719 2355 incitaremus.
737 2295 823 2354 Hanc
841 2291 1003 2354 universim
1015 2292 1058 2366 de
1077 2292 1164 2354 vobis
1180 2311 1247 2354 esse
1263 2293 1372 2354 volun-

219 2397 313 2452 tatem
323 2397 459 2452 nostram
470 2388 525 2451 tibi
538 2388 658 2470 tuisque
671 2387 865 2450 vehementer
876 2402 1055 2470 persuasum
1068 2406 1133 2450 esse
1145 2390 1302 2465 volumus;
1318 2408 1372 2450 ce-
1422 2407 1425 2415 ·

221 2494 286 2546 tera
301 2503 390 2563 vero,
405 2503 471 2565 quae
486 2484 547 2545 huc
563 2482 754 2565 peculiariter
772 2490 927 2565 spectant,
949 2483 1053 2546 nostro
1067 2484 1191 2546 nomine
1213 2485 1252 2546 ad
1268 2490 1298 2546 te
1318 2504 1373 2565 per

218 2581 359 2644 dilectum
379 2582 474 2644 filium
488 2581 675 2662 Stephanum
694 2580 835 2662 Bergium
850 2588 960 2644 nostrae
980 2582 1220 2664 congregationis
1240 2584 1277 2647 de
1296 2586 1369 2647 Pro-

218 2677 356 2758 paganda
370 2677 429 2739 tide
447 2677 641 2739 secretarium
655 2684 797 2740 accurate
809 2679 1049 2760 praescribentur.
1064 2682 1111 2742 Ae
1122 2680 1154 2742 in
1167 2687 1298 2762 paterne
1312 2683 1369 2744 be-

217 2773 390 2834 nevolentiae
404 2780 512 2834 nostra
529 2772 638 2854 pignus
652 2773 850 2854 apostolicam
863 2774 1103 2839 benedictionem
1112 2775 1179 2855 tibi,
1193 2777 1301 2840 dilecte
1314 2778 1368 2856 iili,

219 2869 337 2950 tuisque
359 2868 517 2946 monachis
529 2874 721 2951 peramanter
742 2868 941 2950 impertimur.
965 2875 1080 2936 Datum
1096 2876 1209 2947 Romoe,
1229 2882 1300 2946 etc„
1319 2877 1371 2936 dte

216 2972 319 3046 prima
328 2958 481 3048 februarii
494 2979 584 3046 1772,
592 2972 899 3055 poatiptcutuaaostrt
908 2987 990 3032 auno
1006 2976 1107 3034 tertio.
1165 2996 1168 3001 ’

702 3150 891 3251 clxxxii
913 3223 918 3233 .

553 3327 688 3371 nruucru
710 3327 798 3370 mmo
819 3327 928 3370 nouum
950 3326 1029 3370 vmo

253 3422 258 3434 '
342 3414 508 3484 canobo
529 3415 708 3478 ALBERTO
727 3415 901 3476 PRINCIPI
919 3415 972 3476 AB
991 3415 1231 3477 HOHENLOHE

405 3522 407 3526 '
527 3495 764 3598 cernuus
791 3521 923 3598 rara
948 3505 1056 3597 xru.

924 3660 1019 3719 Romae,
1030 3641 1070 3708 die
1084 3659 1221 3710 alebruarii
1236 3663 1304 3710 mr.
1394 3673 1397 3681 ’

259 3750 389 3820 Dilecta,
404 3755 460 3810 etc.
475 3749 555 3822 Quas
571 3746 730 3808 nobiscum
740 3745 827 3827 egisti
838 3744 936 3807 filialis
946 3744 1037 3807 officii
1050 3745 1096 3807 tui
1106 3755 1206 3828 partes
1216 3748 1245 3809 in
1260 3765 1368 3809 recen-

217 3846 297 3907 tibus
311 3844 370 3907 tuis
386 3863 457 3907 eum
468 3843 578 3906 dilecta
589 3841 650 3905 filia
658 3842 751 3906 nobili
761 3840 885 3905 muliere
899 3841 1079 3924 Principissa
1086 3844 1218 3926 losepha
1226 3845 1264 3906 de
1273 3846 1366 3907 Salm-

217 3944 299 4006 Salm
311 3962 421 4025 spansa
433 3948 486 4004 tua
498 3938 622 4022 nuptiis,
637 3938 758 4002 easdem
775 3939 868 4002 Nobis
882 3938 1012 4001 dilectus
1030 3937 1109 4000 tilius
1123 3939 1227 4002 Abbas
1240 3940 1278 4001 de
1289 3942 1366 4002 Gen·

217 4041 333 4119 tilibus‚
346 4041 420 4102 dum
431 4047 500 4102 tuas
513 4038 628 4101 litteras
644 4033 801 4116 redderet,
817 4035 937 4099 abunde
947 4033 1122 4097 cumulavit.
1140 4034 1175 4097 ld
1192 4034 1366 4116 Nobisper-

217 4146 337 4218 gratum
352 4138 418 4217 fnit,
431 4137 545 4220 tibique
558 4133 672 4199 idcirce
685 4153 805 4198 summo
824 4133 925 4197 studia
935 4135 1134 4214 gratulamur,
1147 4139 1264 4212 tuaeque
1273 4133 1365 4195 nobili

217 4233 345 4312 familiae,
357 4252 451 4314 quam
462 4228 593 4315 plurima
604 4231 708 4294 sobole
717 4232 823 4295 llorere
833 4229 983 4311 cupimus,
995 4247 1085 4292 omne
1099 4228 1216 4290 decoris
1228 4245 1265 4289 uc
1274 4227 1365 4291 felici-

216 4329 286 4391 tatis
303 4329 523 4392 incrementum
537 4347 555 4390 a
569 4315 631 4391 Deo
644 4334 817 4410 precamur.
839 4329 904 4401 Quo
922 4325 954 4387 id
969 4325 1117 4387 faciamus
1136 4341 1229 4403 quam
1247 4323 1364 4405 prolixo
1445 4352 1446 4356 ¹

218 4428 428 4506 luculentoque
440 4427 540 4488 animo
552 4426 692 4508 prelatus
703 4425 829 4488 dilectus
847 4426 927 4487 lilius
943 4423 1109 4504 diligenter,
1125 4429 1158 4483 ut
1165 4419 1263 4502 solet,
1277 4423 1316 4487 ad
1334 4430 1364 4484 te

216 4526 393 4605 perscribet,
409 4525 521 4607 tibique
533 4545 550 4588 a
560 4533 689 4609 >patema
703 4532 806 4586 nostra
817 4523 941 4586 caritate
957 4521 1092 4603 prosecta
1107 4518 1145 4582 de
1158 4514 1190 4584 te'
1202 4530 1272 4584 vota
1285 4540 1364 4584 con-
