<?xml version="1.0" encoding="UTF-8"?>
<!DOCTYPE html PUBLIC "-//W3C//DTD XHTML 1.0 Transitional//EN"
    "http://www.w3.org/TR/xhtml1/DTD/xhtml1-transitional.dtd">
<html xmlns="http://www.w3.org/1999/xhtml" xml:lang="en" lang="en">
 <head>
  <title>
</title>
<meta http-equiv="Content-Type" content="text/html;charset=utf-8" />
  <meta name='ocr-system' content='tesseract 3.04.00' />
  <meta name='ocr-capabilities' content='ocr_page ocr_carea ocr_par ocr_line ocrx_word'/>
</head>
<body>
  <div class='ocr_page' id='page_1' title='image "./clementisxivpon00clemgoog_0061.png"; bbox 0 0 3188 5414; ppageno 0'>
   <div class='ocr_carea' id='block_1_1' title="bbox 658 489 945 544">
    <p class='ocr_par' dir='ltr' id='par_1_1' title="bbox 658 489 945 544">
     <span class='ocr_line' id='line_1_1' title="bbox 658 489 945 544; baseline 0.007 -2"><span class='ocrx_word' id='word_1_1' title='bbox 658 489 863 544; x_wconf 68' lang='lat' dir='ltr'>cumulantis</span> <span class='ocrx_word' id='word_1_2' title='bbox 880 491 945 544; x_wconf 82' lang='lat' dir='ltr'>xlv</span> 
     </span>
    </p>
   </div>
   <div class='ocr_carea' id='block_1_2' title="bbox 648 670 844 742">
    <p class='ocr_par' dir='ltr' id='par_1_2' title="bbox 648 670 844 742">
     <span class='ocr_line' id='line_1_2' title="bbox 648 670 844 742; baseline 0.015 -7"><span class='ocrx_word' id='word_1_3' title='bbox 648 721 651 735; x_wconf 74' lang='grc'><strong><em>,</em></strong></span> <span class='ocrx_word' id='word_1_4' title='bbox 762 670 844 742; x_wconf 80' lang='lat' dir='ltr'>xtt.</span> 
     </span>
    </p>
   </div>
   <div class='ocr_carea' id='block_1_3' title="bbox 571 838 1029 891">
    <p class='ocr_par' dir='ltr' id='par_1_3' title="bbox 571 838 1029 891">
     <span class='ocr_line' id='line_1_3' title="bbox 571 838 1029 891; baseline -0.004 -9"><span class='ocrx_word' id='word_1_5' title='bbox 571 840 712 891; x_wconf 67' lang='lat' dir='ltr'>lctustltr</span> <span class='ocrx_word' id='word_1_6' title='bbox 734 841 773 883; x_wconf 74' lang='lat' dir='ltr'>AC</span> <span class='ocrx_word' id='word_1_7' title='bbox 795 838 1029 886; x_wconf 70' lang='lat' dir='ltr'>rotallrlssmro</span> 
     </span>
    </p>
   </div>
   <div class='ocr_carea' id='block_1_4' title="bbox 290 953 1192 1176">
    <p class='ocr_par' dir='ltr' id='par_1_4' title="bbox 290 953 1192 1176">
     <span class='ocr_line' id='line_1_4' title="bbox 290 953 1192 1026; baseline -0.013 -5"><span class='ocrx_word' id='word_1_8' title='bbox 290 1017 293 1021; x_wconf 13' lang='grc' dir='ltr'><em>Α</em></span> <span class='ocrx_word' id='word_1_9' title='bbox 402 954 663 1023; x_wconf 85' lang='lat' dir='ltr'>onnsroann</span> <span class='ocrx_word' id='word_1_10' title='bbox 690 956 908 1026; x_wconf 70' lang='lat' dir='ltr'>carnemt,</span> <span class='ocrx_word' id='word_1_11' title='bbox 937 954 1014 1018; x_wconf 74' lang='lat' dir='ltr'>aar</span> <span class='ocrx_word' id='word_1_12' title='bbox 1042 953 1192 1023; x_wconf 81' lang='lat' dir='ltr'>sonan,</span> 
     </span>
     <span class='ocr_line' id='line_1_5' title="bbox 521 1083 1072 1176; baseline -0.031 0"><span class='ocrx_word' id='word_1_13' title='bbox 521 1083 757 1176; x_wconf 81' lang='lat' dir='ltr'><strong>CLEMENS</strong></span> <span class='ocrx_word' id='word_1_14' title='bbox 797 1088 926 1172; x_wconf 86' lang='lat' dir='ltr'><strong>PAPA</strong></span> <span class='ocrx_word' id='word_1_15' title='bbox 967 1085 1072 1162; x_wconf 86' lang='lat' dir='ltr'>XIV.</span> 
     </span>
    </p>
   </div>
   <div class='ocr_carea' id='block_1_5' title="bbox 944 1231 1306 1329">
    <p class='ocr_par' dir='ltr' id='par_1_5' title="bbox 944 1231 1306 1329">
     <span class='ocr_line' id='line_1_6' title="bbox 944 1231 1306 1329; baseline -0.003 -14"><span class='ocrx_word' id='word_1_16' title='bbox 944 1231 1043 1326; x_wconf 50' lang='lat' dir='ltr'>Bm,</span> <span class='ocrx_word' id='word_1_17' title='bbox 1057 1271 1072 1316; x_wconf 79' lang='grc'>9</span> <span class='ocrx_word' id='word_1_18' title='bbox 1087 1265 1221 1315; x_wconf 78' lang='lat' dir='ltr'><strong>decembris</strong></span> <span class='ocrx_word' id='word_1_19' title='bbox 1238 1268 1306 1329; x_wconf 68' lang='lat' dir='ltr'>tion,</span> 
     </span>
    </p>
   </div>
   <div class='ocr_carea' id='block_1_6' title="bbox 150 1377 1371 1949">
    <p class='ocr_par' dir='ltr' id='par_1_6' title="bbox 150 1377 1371 1949">
     <span class='ocr_line' id='line_1_7' title="bbox 265 1377 1371 1462; baseline -0.002 -20"><span class='ocrx_word' id='word_1_20' title='bbox 265 1383 423 1452; x_wconf 68' lang='lat' dir='ltr'>quena,</span> <span class='ocrx_word' id='word_1_21' title='bbox 447 1389 504 1446; x_wconf 86' lang='lat' dir='ltr'>etc.</span> <span class='ocrx_word' id='word_1_22' title='bbox 519 1384 599 1448; x_wconf 87' lang='lat' dir='ltr'>Inter</span> <span class='ocrx_word' id='word_1_23' title='bbox 616 1383 746 1462; x_wconf 90' lang='lat' dir='ltr'>plurima</span> <span class='ocrx_word' id='word_1_24' title='bbox 766 1401 801 1443; x_wconf 89' lang='lat' dir='ltr'>ac</span> <span class='ocrx_word' id='word_1_25' title='bbox 822 1381 999 1461; x_wconf 82' lang='lat' dir='ltr'>gravissima</span> <span class='ocrx_word' id='word_1_26' title='bbox 1021 1380 1164 1461; x_wconf 85' lang='lat' dir='ltr'>negotia,</span> <span class='ocrx_word' id='word_1_27' title='bbox 1184 1379 1293 1459; x_wconf 91' lang='lat' dir='ltr'>quibus</span> <span class='ocrx_word' id='word_1_28' title='bbox 1312 1377 1371 1440; x_wconf 93' lang='lat' dir='ltr'>hoo</span> 
     </span>
     <span class='ocr_line' id='line_1_8' title="bbox 227 1477 1369 1563; baseline -0.001 -23"><span class='ocrx_word' id='word_1_29' title='bbox 227 1478 321 1540; x_wconf 83' lang='lat' dir='ltr'><strong>nostri</strong></span> <span class='ocrx_word' id='word_1_30' title='bbox 349 1477 506 1546; x_wconf 88' lang='lat' dir='ltr'>ministerii</span> <span class='ocrx_word' id='word_1_31' title='bbox 533 1480 692 1563; x_wconf 85' lang='lat' dir='ltr'>pastoralis</span> <span class='ocrx_word' id='word_1_32' title='bbox 719 1479 805 1549; x_wconf 85' lang='lat' dir='ltr'>initio</span> <span class='ocrx_word' id='word_1_33' title='bbox 822 1478 1019 1554; x_wconf 80' lang='lat' dir='ltr'>distinemur,</span> <span class='ocrx_word' id='word_1_34' title='bbox 1043 1478 1133 1547; x_wconf 87' lang='lat' dir='ltr'>istam</span> <span class='ocrx_word' id='word_1_35' title='bbox 1153 1479 1250 1562; x_wconf 84' lang='lat' dir='ltr'>gregis</span> <span class='ocrx_word' id='word_1_36' title='bbox 1274 1479 1369 1539; x_wconf 78' lang='lat' dir='ltr'>nostri</span> 
     </span>
     <span class='ocr_line' id='line_1_9' title="bbox 225 1575 1369 1657; baseline -0.003 -20"><span class='ocrx_word' id='word_1_37' title='bbox 225 1579 399 1638; x_wconf 87' lang='lat' dir='ltr'>Graecorum</span> <span class='ocrx_word' id='word_1_38' title='bbox 421 1576 593 1646; x_wconf 87' lang='lat' dir='ltr'>Melchitam</span> <span class='ocrx_word' id='word_1_39' title='bbox 611 1578 781 1657; x_wconf 91' lang='lat' dir='ltr'>portionem</span> <span class='ocrx_word' id='word_1_40' title='bbox 802 1576 938 1648; x_wconf 85' lang='lat' dir='ltr'>oblivisci</span> <span class='ocrx_word' id='word_1_41' title='bbox 957 1595 1017 1640; x_wconf 91' lang='lat' dir='ltr'>non</span> <span class='ocrx_word' id='word_1_42' title='bbox 1034 1593 1211 1657; x_wconf 85' lang='lat' dir='ltr'>possumus,</span> <span class='ocrx_word' id='word_1_43' title='bbox 1227 1575 1369 1654; x_wconf 87' lang='lat' dir='ltr'>adquam</span> 
     </span>
     <span class='ocr_line' id='line_1_10' title="bbox 150 1667 1370 1756; baseline -0.006 -22"><span class='ocrx_word' id='word_1_44' title='bbox 150 1694 153 1699; x_wconf 86' lang='lat'><strong>·</strong></span> <span class='ocrx_word' id='word_1_45' title='bbox 224 1674 341 1753; x_wconf 91' lang='lat' dir='ltr'>quoties</span> <span class='ocrx_word' id='word_1_46' title='bbox 354 1673 488 1744; x_wconf 87' lang='lat' dir='ltr'>animum</span> <span class='ocrx_word' id='word_1_47' title='bbox 502 1674 705 1738; x_wconf 78' lang='lat' dir='ltr'>convertimus</span> <span class='ocrx_word' id='word_1_48' title='bbox 717 1675 817 1756; x_wconf 82' lang='lat' dir='ltr'>(quod</span> <span class='ocrx_word' id='word_1_49' title='bbox 827 1667 951 1755; x_wconf 85' lang='lat' dir='ltr'>quidem</span> <span class='ocrx_word' id='word_1_50' title='bbox 962 1691 1093 1755; x_wconf 68' lang='lat' dir='ltr'>persaepe</span> <span class='ocrx_word' id='word_1_51' title='bbox 1108 1692 1143 1734; x_wconf 81' lang='lat' dir='ltr'>ar.</span> <span class='ocrx_word' id='word_1_52' title='bbox 1159 1673 1286 1734; x_wconf 87' lang='lat' dir='ltr'>libenter</span> <span class='ocrx_word' id='word_1_53' title='bbox 1299 1671 1370 1733; x_wconf 74' lang='lat' dir='ltr'>iaci.</span> 
     </span>
     <span class='ocr_line' id='line_1_11' title="bbox 224 1769 1368 1855; baseline -0.001 -26"><span class='ocrx_word' id='word_1_54' title='bbox 224 1771 323 1847; x_wconf 85' lang='lat' dir='ltr'>mus),</span> <span class='ocrx_word' id='word_1_55' title='bbox 335 1769 425 1834; x_wconf 90' lang='lat' dir='ltr'>toties</span> <span class='ocrx_word' id='word_1_56' title='bbox 437 1771 633 1842; x_wconf 76' lang='lat' dir='ltr'>obversantur</span> <span class='ocrx_word' id='word_1_57' title='bbox 643 1772 736 1833; x_wconf 91' lang='lat' dir='ltr'>Nobis</span> <span class='ocrx_word' id='word_1_58' title='bbox 749 1777 818 1834; x_wconf 89' lang='lat' dir='ltr'>ante</span> <span class='ocrx_word' id='word_1_59' title='bbox 828 1772 933 1833; x_wconf 87' lang='lat' dir='ltr'>oculos</span> <span class='ocrx_word' id='word_1_60' title='bbox 943 1788 1005 1833; x_wconf 94' lang='lat' dir='ltr'>non</span> <span class='ocrx_word' id='word_1_61' title='bbox 1013 1770 1148 1855; x_wconf 87' lang='lat' dir='ltr'>vulgaria</span> <span class='ocrx_word' id='word_1_62' title='bbox 1157 1769 1208 1840; x_wconf 88' lang='lat' dir='ltr'>illa</span> <span class='ocrx_word' id='word_1_63' title='bbox 1220 1769 1368 1838; x_wconf 87' lang='lat' dir='ltr'>aCelsitu-</span> 
     </span>
     <span class='ocr_line' id='line_1_12' title="bbox 223 1866 1369 1949; baseline -0.003 -20"><span class='ocrx_word' id='word_1_64' title='bbox 223 1867 293 1929; x_wconf 93' lang='lat' dir='ltr'>dine</span> <span class='ocrx_word' id='word_1_65' title='bbox 306 1869 372 1932; x_wconf 84' lang='lat' dir='ltr'>Tua</span> <span class='ocrx_word' id='word_1_66' title='bbox 388 1868 418 1930; x_wconf 89' lang='lat' dir='ltr'>in</span> <span class='ocrx_word' id='word_1_67' title='bbox 430 1867 569 1937; x_wconf 86' lang='lat' dir='ltr'>eamdem</span> <span class='ocrx_word' id='word_1_68' title='bbox 580 1869 691 1940; x_wconf 89' lang='lat' dir='ltr'>collata</span> <span class='ocrx_word' id='word_1_69' title='bbox 703 1869 862 1937; x_wconf 79' lang='lat' dir='ltr'>beneficia.</span> <span class='ocrx_word' id='word_1_70' title='bbox 882 1871 927 1940; x_wconf 85' lang='lat' dir='ltr'>Eo</span> <span class='ocrx_word' id='word_1_71' title='bbox 947 1866 1208 1949; x_wconf 81' lang='lat' dir='ltr'>cnimperdiiiicili</span> <span class='ocrx_word' id='word_1_72' title='bbox 1220 1872 1369 1947; x_wconf 82' lang='lat' dir='ltr'>ternpore,</span> 
     </span>
    </p>
   </div>
   <div class='ocr_carea' id='block_1_7' title="bbox 127 1963 1370 2046">
    <p class='ocr_par' dir='ltr' id='par_1_7' title="bbox 127 1963 1370 2046">
     <span class='ocr_line' id='line_1_13' title="bbox 127 1963 1370 2046; baseline -0.001 -19"><span class='ocrx_word' id='word_1_73' title='bbox 127 1997 129 2004; x_wconf 95' lang='lat'>·</span> <span class='ocrx_word' id='word_1_74' title='bbox 224 1965 336 2045; x_wconf 89' lang='lat' dir='ltr'>quode</span> <span class='ocrx_word' id='word_1_75' title='bbox 350 1965 556 2046; x_wconf 86' lang='lat' dir='ltr'>patriarchatu</span> <span class='ocrx_word' id='word_1_76' title='bbox 564 1965 741 2039; x_wconf 83' lang='lat' dir='ltr'>venerahilis</span> <span class='ocrx_word' id='word_1_77' title='bbox 755 1965 856 2029; x_wconf 83' lang='lat' dir='ltr'>fratris</span> <span class='ocrx_word' id='word_1_78' title='bbox 865 1965 1044 2043; x_wconf 84' lang='lat' dir='ltr'>Theodosii,</span> <span class='ocrx_word' id='word_1_79' title='bbox 1056 1964 1153 2044; x_wconf 89' lang='lat' dir='ltr'>deque</span> <span class='ocrx_word' id='word_1_80' title='bbox 1170 1963 1287 2024; x_wconf 90' lang='lat' dir='ltr'>dilectis</span> <span class='ocrx_word' id='word_1_81' title='bbox 1301 1963 1370 2031; x_wconf 88' lang='lat' dir='ltr'>filiis</span> 
     </span>
    </p>
   </div>
   <div class='ocr_carea' id='block_1_8' title="bbox 136 2060 1387 4562">
    <p class='ocr_par' dir='ltr' id='par_1_8' title="bbox 136 2060 1387 4562">
     <span class='ocr_line' id='line_1_14' title="bbox 222 2060 1368 2145; baseline -0.004 -21"><span class='ocrx_word' id='word_1_82' title='bbox 222 2062 379 2127; x_wconf 88' lang='lat' dir='ltr'>monachis</span> <span class='ocrx_word' id='word_1_83' title='bbox 402 2062 559 2135; x_wconf 82' lang='lat' dir='ltr'>Basilianis</span> <span class='ocrx_word' id='word_1_84' title='bbox 586 2061 824 2143; x_wconf 81' lang='lat' dir='ltr'>congregationis</span> <span class='ocrx_word' id='word_1_85' title='bbox 853 2061 987 2134; x_wconf 81' lang='lat' dir='ltr'>Soairitae</span> <span class='ocrx_word' id='word_1_86' title='bbox 1016 2063 1181 2145; x_wconf 79' lang='lat' dir='ltr'>agebatur,</span> <span class='ocrx_word' id='word_1_87' title='bbox 1204 2060 1368 2140; x_wconf 90' lang='lat' dir='ltr'>plurimum</span> 
     </span>
     <span class='ocr_line' id='line_1_15' title="bbox 221 2150 1371 2238; baseline -0.007 -18"><span class='ocrx_word' id='word_1_88' title='bbox 221 2159 319 2221; x_wconf 85' lang='lat' dir='ltr'>extitit</span> <span class='ocrx_word' id='word_1_89' title='bbox 331 2150 465 2227; x_wconf 84' lang='lat' dir='ltr'>studium</span> <span class='ocrx_word' id='word_1_90' title='bbox 479 2157 694 2238; x_wconf 82' lang='lat' dir='ltr'>utpraesidium</span> <span class='ocrx_word' id='word_1_91' title='bbox 703 2165 807 2235; x_wconf 85' lang='lat' dir='ltr'>tuum,</span> <span class='ocrx_word' id='word_1_92' title='bbox 822 2165 856 2218; x_wconf 94' lang='lat' dir='ltr'>ut</span> <span class='ocrx_word' id='word_1_93' title='bbox 869 2177 923 2220; x_wconf 93' lang='lat' dir='ltr'>sua</span> <span class='ocrx_word' id='word_1_94' title='bbox 938 2159 984 2219; x_wconf 93' lang='lat' dir='ltr'>vis</span> <span class='ocrx_word' id='word_1_95' title='bbox 994 2158 1165 2238; x_wconf 78' lang='lat' dir='ltr'>apostolica</span> <span class='ocrx_word' id='word_1_96' title='bbox 1178 2157 1257 2218; x_wconf 90' lang='lat' dir='ltr'>sedis</span> <span class='ocrx_word' id='word_1_97' title='bbox 1268 2156 1371 2220; x_wconf 69' lang='lat' dir='ltr'>decro-v</span> 
     </span>
     <span class='ocr_line' id='line_1_16' title="bbox 220 2252 1371 2341; baseline -0.002 -25"><span class='ocrx_word' id='word_1_98' title='bbox 220 2256 258 2318; x_wconf 91' lang='lat' dir='ltr'>tis</span> <span class='ocrx_word' id='word_1_99' title='bbox 276 2261 368 2331; x_wconf 83' lang='lat' dir='ltr'>esset,</span> <span class='ocrx_word' id='word_1_100' title='bbox 385 2261 502 2340; x_wconf 79' lang='lat' dir='ltr'>tuaque</span> <span class='ocrx_word' id='word_1_101' title='bbox 514 2270 613 2332; x_wconf 65' lang='lat' dir='ltr'>opero</span> <span class='ocrx_word' id='word_1_102' title='bbox 622 2296 632 2328; x_wconf 86' lang='lat'>,</span> <span class='ocrx_word' id='word_1_103' title='bbox 647 2252 796 2329; x_wconf 82' lang='lat' dir='ltr'>oonsilio,</span> <span class='ocrx_word' id='word_1_104' title='bbox 815 2258 905 2341; x_wconf 85' lang='lat' dir='ltr'>atque</span> <span class='ocrx_word' id='word_1_105' title='bbox 929 2254 1100 2324; x_wconf 84' lang='lat' dir='ltr'>auctoritati</span> <span class='ocrx_word' id='word_1_106' title='bbox 1116 2253 1219 2322; x_wconf 84' lang='lat' dir='ltr'>referri</span> <span class='ocrx_word' id='word_1_107' title='bbox 1235 2254 1371 2317; x_wconf 82' lang='lat' dir='ltr'>maximo</span> 
     </span>
     <span class='ocr_line' id='line_1_17' title="bbox 220 2345 1369 2432; baseline -0.004 -20"><span class='ocrx_word' id='word_1_108' title='bbox 220 2350 311 2413; x_wconf 91' lang='lat' dir='ltr'>debet</span> <span class='ocrx_word' id='word_1_109' title='bbox 323 2345 469 2432; x_wconf 84' lang='lat' dir='ltr'>quidquid</span> <span class='ocrx_word' id='word_1_110' title='bbox 478 2349 518 2410; x_wconf 85' lang='lat' dir='ltr'>ab</span> <span class='ocrx_word' id='word_1_111' title='bbox 528 2347 635 2419; x_wconf 78' lang='lat' dir='ltr'>illustri</span> <span class='ocrx_word' id='word_1_112' title='bbox 648 2355 680 2410; x_wconf 89' lang='lat' dir='ltr'>et</span> <span class='ocrx_word' id='word_1_113' title='bbox 693 2348 902 2430; x_wconf 89' lang='lat' dir='ltr'>potentissimo</span> <span class='ocrx_word' id='word_1_114' title='bbox 914 2347 1050 2429; x_wconf 84' lang='lat' dir='ltr'>principe</span> <span class='ocrx_word' id='word_1_115' title='bbox 1059 2349 1163 2410; x_wconf 81' lang='lat' dir='ltr'>Emiro</span> <span class='ocrx_word' id='word_1_116' title='bbox 1177 2351 1300 2410; x_wconf 87' lang='lat' dir='ltr'>Mansur</span> <span class='ocrx_word' id='word_1_117' title='bbox 1311 2349 1369 2410; x_wconf 77' lang='lat' dir='ltr'>ira.</span> 
     </span>
     <span class='ocr_line' id='line_1_18' title="bbox 219 2443 1371 2528; baseline -0.001 -19"><span class='ocrx_word' id='word_1_118' title='bbox 219 2455 265 2509; x_wconf 87' lang='lat' dir='ltr'>tre</span> <span class='ocrx_word' id='word_1_119' title='bbox 275 2453 454 2528; x_wconf 84' lang='lat' dir='ltr'>tuogestum</span> <span class='ocrx_word' id='word_1_120' title='bbox 469 2452 543 2510; x_wconf 89' lang='lat' dir='ltr'>tunc</span> <span class='ocrx_word' id='word_1_121' title='bbox 555 2443 612 2511; x_wconf 86' lang='lat' dir='ltr'>fuit</span> <span class='ocrx_word' id='word_1_122' title='bbox 623 2444 663 2506; x_wconf 89' lang='lat' dir='ltr'>ad</span> <span class='ocrx_word' id='word_1_123' title='bbox 681 2444 870 2516; x_wconf 81' lang='lat' dir='ltr'>reducendos</span> <span class='ocrx_word' id='word_1_124' title='bbox 886 2446 917 2506; x_wconf 90' lang='lat' dir='ltr'>in</span> <span class='ocrx_word' id='word_1_125' title='bbox 929 2445 1064 2516; x_wconf 82' lang='lat' dir='ltr'>officium</span> <span class='ocrx_word' id='word_1_126' title='bbox 1084 2465 1121 2508; x_wconf 86' lang='lat' dir='ltr'>ac</span> <span class='ocrx_word' id='word_1_127' title='bbox 1135 2447 1164 2512; x_wconf 90' lang='lat' dir='ltr'>in</span> <span class='ocrx_word' id='word_1_128' title='bbox 1175 2447 1371 2520; x_wconf 70' lang='lat' dir='ltr'>concordiam</span> 
     </span>
     <span class='ocr_line' id='line_1_19' title="bbox 220 2530 1370 2622; baseline -0.002 -17"><span class='ocrx_word' id='word_1_129' title='bbox 220 2530 409 2611; x_wconf 84' lang='lat' dir='ltr'>contumacis</span> <span class='ocrx_word' id='word_1_130' title='bbox 424 2561 461 2612; x_wconf 89' lang='lat' dir='ltr'>ac</span> <span class='ocrx_word' id='word_1_131' title='bbox 480 2540 652 2610; x_wconf 86' lang='lat' dir='ltr'>dissidentis</span> <span class='ocrx_word' id='word_1_132' title='bbox 670 2539 766 2622; x_wconf 87' lang='lat' dir='ltr'>partis</span> <span class='ocrx_word' id='word_1_133' title='bbox 788 2541 977 2618; x_wconf 80' lang='lat' dir='ltr'>animos,ad</span> <span class='ocrx_word' id='word_1_134' title='bbox 993 2543 1139 2615; x_wconf 83' lang='lat' dir='ltr'>tuendum</span> <span class='ocrx_word' id='word_1_135' title='bbox 1160 2543 1198 2604; x_wconf 92' lang='lat' dir='ltr'>ab</span> <span class='ocrx_word' id='word_1_136' title='bbox 1221 2543 1370 2614; x_wconf 82' lang='lat' dir='ltr'>intentata</span> 
     </span>
     <span class='ocr_line' id='line_1_20' title="bbox 219 2626 1371 2721; baseline -0.002 -17"><span class='ocrx_word' id='word_1_137' title='bbox 219 2640 381 2721; x_wconf 69' lang='lat' dir='ltr'>praesidum,</span> <span class='ocrx_word' id='word_1_138' title='bbox 393 2640 422 2701; x_wconf 90' lang='lat' dir='ltr'>vi</span> <span class='ocrx_word' id='word_1_139' title='bbox 440 2638 582 2711; x_wconf 82' lang='lat' dir='ltr'>eumdem</span> <span class='ocrx_word' id='word_1_140' title='bbox 599 2626 803 2718; x_wconf 82' lang='lat' dir='ltr'>patriarcham</span> <span class='ocrx_word' id='word_1_141' title='bbox 809 2683 819 2717; x_wconf 87' lang='lat'>,</span> <span class='ocrx_word' id='word_1_142' title='bbox 832 2645 863 2700; x_wconf 89' lang='lat' dir='ltr'>et</span> <span class='ocrx_word' id='word_1_143' title='bbox 881 2639 920 2701; x_wconf 89' lang='lat' dir='ltr'>ad</span> <span class='ocrx_word' id='word_1_144' title='bbox 938 2640 1006 2709; x_wconf 91' lang='lat' dir='ltr'>illos</span> <span class='ocrx_word' id='word_1_145' title='bbox 1024 2639 1167 2704; x_wconf 84' lang='lat' dir='ltr'>Soairitas</span> <span class='ocrx_word' id='word_1_146' title='bbox 1185 2641 1371 2718; x_wconf 86' lang='lat' dir='ltr'>Monachos,</span> 
     </span>
     <span class='ocr_line' id='line_1_21' title="bbox 220 2734 1372 2821; baseline -0.003 -20"><span class='ocrx_word' id='word_1_147' title='bbox 220 2739 258 2801; x_wconf 94' lang='lat' dir='ltr'>ab</span> <span class='ocrx_word' id='word_1_148' title='bbox 275 2739 365 2801; x_wconf 89' lang='lat' dir='ltr'>illatis</span> <span class='ocrx_word' id='word_1_149' title='bbox 381 2742 436 2818; x_wconf 80' lang='lat' dir='ltr'>per</span> <span class='ocrx_word' id='word_1_150' title='bbox 452 2735 578 2809; x_wconf 79' lang='lat' dir='ltr'>cosdem</span> <span class='ocrx_word' id='word_1_151' title='bbox 597 2734 738 2818; x_wconf 84' lang='lat' dir='ltr'>praesides</span> <span class='ocrx_word' id='word_1_152' title='bbox 753 2734 872 2821; x_wconf 68' lang='lat' dir='ltr'>injuriis</span> <span class='ocrx_word' id='word_1_153' title='bbox 887 2735 1096 2808; x_wconf 66' lang='lat' dir='ltr'>vindicandos,</span> <span class='ocrx_word' id='word_1_154' title='bbox 1110 2740 1180 2810; x_wconf 83' lang='lat' dir='ltr'>Haec</span> <span class='ocrx_word' id='word_1_155' title='bbox 1193 2740 1255 2800; x_wconf 92' lang='lat' dir='ltr'>Nos</span> <span class='ocrx_word' id='word_1_156' title='bbox 1274 2738 1372 2817; x_wconf 87' lang='lat' dir='ltr'>probo</span> 
     </span>
     <span class='ocr_line' id='line_1_22' title="bbox 219 2832 1369 2916; baseline 0 -18"><span class='ocrx_word' id='word_1_157' title='bbox 219 2842 446 2915; x_wconf 78' lang='lat' dir='ltr'>cognoscentes,</span> <span class='ocrx_word' id='word_1_158' title='bbox 455 2839 604 2915; x_wconf 81' lang='lat' dir='ltr'>quantum</span> <span class='ocrx_word' id='word_1_159' title='bbox 616 2832 789 2907; x_wconf 74' lang='lat' dir='ltr'>celsitudini</span> <span class='ocrx_word' id='word_1_160' title='bbox 806 2837 879 2906; x_wconf 79' lang='lat' dir='ltr'>Tum</span> <span class='ocrx_word' id='word_1_161' title='bbox 897 2835 1079 2916; x_wconf 81' lang='lat' dir='ltr'>debeamus,</span> <span class='ocrx_word' id='word_1_162' title='bbox 1091 2837 1245 2899; x_wconf 88' lang='lat' dir='ltr'>declarare</span> <span class='ocrx_word' id='word_1_163' title='bbox 1263 2838 1369 2898; x_wconf 72' lang='lat' dir='ltr'>statui</span> 
     </span>
     <span class='ocr_line' id='line_1_23' title="bbox 136 2920 1371 3016; baseline 0.001 -21"><span class='ocrx_word' id='word_1_164' title='bbox 136 2920 142 2932; x_wconf 79' lang='grc'>’</span> <span class='ocrx_word' id='word_1_165' title='bbox 218 2952 304 3011; x_wconf 87' lang='lat' dir='ltr'>mus,</span> <span class='ocrx_word' id='word_1_166' title='bbox 325 2932 408 3014; x_wconf 88' lang='lat' dir='ltr'>quod</span> <span class='ocrx_word' id='word_1_167' title='bbox 431 2933 597 3006; x_wconf 80' lang='lat' dir='ltr'>luculenter</span> <span class='ocrx_word' id='word_1_168' title='bbox 619 2949 673 3012; x_wconf 84' lang='lat' dir='ltr'>per</span> <span class='ocrx_word' id='word_1_169' title='bbox 690 2931 781 2998; x_wconf 80' lang='lat' dir='ltr'>hasce</span> <span class='ocrx_word' id='word_1_170' title='bbox 798 2939 919 2999; x_wconf 87' lang='lat' dir='ltr'>nostras</span> <span class='ocrx_word' id='word_1_171' title='bbox 937 2935 1052 2998; x_wconf 84' lang='lat' dir='ltr'>litteras</span> <span class='ocrx_word' id='word_1_172' title='bbox 1075 2936 1220 3014; x_wconf 78' lang='lat' dir='ltr'>iacimus,</span> <span class='ocrx_word' id='word_1_173' title='bbox 1248 2955 1371 3016; x_wconf 84' lang='lat' dir='ltr'>unaque</span> 
     </span>
     <span class='ocr_line' id='line_1_24' title="bbox 218 3029 1371 3114; baseline 0.002 -22"><span class='ocrx_word' id='word_1_174' title='bbox 218 3031 366 3093; x_wconf 86' lang='lat' dir='ltr'>maximas</span> <span class='ocrx_word' id='word_1_175' title='bbox 383 3031 531 3103; x_wconf 84' lang='lat' dir='ltr'>habemus</span> <span class='ocrx_word' id='word_1_176' title='bbox 550 3029 678 3112; x_wconf 80' lang='lat' dir='ltr'>gratias,</span> <span class='ocrx_word' id='word_1_177' title='bbox 692 3031 741 3105; x_wconf 75' lang='lat' dir='ltr'>vei</span> <span class='ocrx_word' id='word_1_178' title='bbox 755 3031 795 3092; x_wconf 90' lang='lat' dir='ltr'>ob</span> <span class='ocrx_word' id='word_1_179' title='bbox 809 3031 841 3095; x_wconf 91' lang='lat' dir='ltr'>id</span> <span class='ocrx_word' id='word_1_180' title='bbox 858 3032 968 3112; x_wconf 82' lang='lat' dir='ltr'>etiarn,</span> <span class='ocrx_word' id='word_1_181' title='bbox 985 3034 1068 3114; x_wconf 94' lang='lat' dir='ltr'>quod</span> <span class='ocrx_word' id='word_1_182' title='bbox 1090 3053 1126 3095; x_wconf 84' lang='lat' dir='ltr'>ex</span> <span class='ocrx_word' id='word_1_183' title='bbox 1145 3033 1290 3095; x_wconf 88' lang='lat' dir='ltr'>anteactis</span> <span class='ocrx_word' id='word_1_184' title='bbox 1307 3053 1322 3094; x_wconf 87' lang='lat' dir='ltr'>a</span> <span class='ocrx_word' id='word_1_185' title='bbox 1338 3041 1371 3094; x_wconf 86' lang='lat' dir='ltr'>to</span> 
     </span>
     <span class='ocr_line' id='line_1_25' title="bbox 214 3123 1370 3207; baseline -0.001 -20"><span class='ocrx_word' id='word_1_186' title='bbox 214 3127 307 3194; x_wconf 20' lang='lat' dir='ltr'>,rebus</span> <span class='ocrx_word' id='word_1_187' title='bbox 322 3126 484 3206; x_wconf 81' lang='lat' dir='ltr'>plurimam</span> <span class='ocrx_word' id='word_1_188' title='bbox 496 3125 526 3186; x_wconf 91' lang='lat' dir='ltr'>in</span> <span class='ocrx_word' id='word_1_189' title='bbox 538 3123 632 3194; x_wconf 82' lang='lat' dir='ltr'>Nobis</span> <span class='ocrx_word' id='word_1_190' title='bbox 646 3141 732 3203; x_wconf 82' lang='lat' dir='ltr'>sporn</span> <span class='ocrx_word' id='word_1_191' title='bbox 747 3124 877 3202; x_wconf 86' lang='lat' dir='ltr'>excitas,</span> <span class='ocrx_word' id='word_1_192' title='bbox 886 3123 951 3197; x_wconf 77' lang='lat' dir='ltr'>fote</span> <span class='ocrx_word' id='word_1_193' title='bbox 964 3133 998 3195; x_wconf 78' lang='lat' dir='ltr'>ui</span> <span class='ocrx_word' id='word_1_194' title='bbox 1012 3126 1210 3207; x_wconf 88' lang='lat' dir='ltr'>imposterum</span> <span class='ocrx_word' id='word_1_195' title='bbox 1224 3127 1291 3205; x_wconf 90' lang='lat' dir='ltr'>pari</span> <span class='ocrx_word' id='word_1_196' title='bbox 1309 3128 1370 3188; x_wconf 93' lang='lat' dir='ltr'>sin-.</span> 
     </span>
     <span class='ocr_line' id='line_1_26' title="bbox 217 3218 1369 3302; baseline -0.001 -18"><span class='ocrx_word' id='word_1_197' title='bbox 217 3222 329 3302; x_wconf 75' lang='lat' dir='ltr'>gadaris</span> <span class='ocrx_word' id='word_1_198' title='bbox 337 3222 497 3302; x_wconf 87' lang='lat' dir='ltr'>patrocinii</span> <span class='ocrx_word' id='word_1_199' title='bbox 515 3220 561 3282; x_wconf 92' lang='lat' dir='ltr'>tui</span> <span class='ocrx_word' id='word_1_200' title='bbox 572 3219 670 3299; x_wconf 87' lang='lat' dir='ltr'>gratia</span> <span class='ocrx_word' id='word_1_201' title='bbox 683 3219 761 3291; x_wconf 84' lang='lat' dir='ltr'>tueri</span> <span class='ocrx_word' id='word_1_202' title='bbox 775 3238 811 3281; x_wconf 89' lang='lat' dir='ltr'>ac</span> <span class='ocrx_word' id='word_1_203' title='bbox 821 3218 922 3282; x_wconf 78' lang='lat' dir='ltr'>fovere</span> <span class='ocrx_word' id='word_1_204' title='bbox 932 3239 1040 3301; x_wconf 84' lang='lat' dir='ltr'>pergas</span> <span class='ocrx_word' id='word_1_205' title='bbox 1054 3230 1118 3286; x_wconf 91' lang='lat' dir='ltr'>tam</span> <span class='ocrx_word' id='word_1_206' title='bbox 1130 3223 1229 3302; x_wconf 92' lang='lat' dir='ltr'>ipsum</span> <span class='ocrx_word' id='word_1_207' title='bbox 1240 3223 1369 3301; x_wconf 88' lang='lat' dir='ltr'>patriar-</span> 
     </span>
     <span class='ocr_line' id='line_1_27' title="bbox 218 3316 1368 3407; baseline 0.003 -27"><span class='ocrx_word' id='word_1_208' title='bbox 218 3319 307 3384; x_wconf 87' lang='lat' dir='ltr'>cham</span> <span class='ocrx_word' id='word_1_209' title='bbox 318 3318 543 3395; x_wconf 70' lang='lat' dir='ltr'>theodosium,</span> <span class='ocrx_word' id='word_1_210' title='bbox 555 3323 586 3378; x_wconf 90' lang='lat' dir='ltr'>et</span> <span class='ocrx_word' id='word_1_211' title='bbox 599 3316 765 3388; x_wconf 87' lang='lat' dir='ltr'>monachos</span> <span class='ocrx_word' id='word_1_212' title='bbox 779 3317 854 3385; x_wconf 83' lang='lat' dir='ltr'>istos</span> <span class='ocrx_word' id='word_1_213' title='bbox 861 3317 1005 3388; x_wconf 83' lang='lat' dir='ltr'>Soairitas</span> <span class='ocrx_word' id='word_1_214' title='bbox 1018 3336 1148 3407; x_wconf 87' lang='lat' dir='ltr'>quorum</span> <span class='ocrx_word' id='word_1_215' title='bbox 1162 3318 1310 3399; x_wconf 83' lang='lat' dir='ltr'>plurimus</span> <span class='ocrx_word' id='word_1_216' title='bbox 1321 3329 1368 3389; x_wconf 86' lang='lat' dir='ltr'>est</span> 
     </span>
     <span class='ocr_line' id='line_1_28' title="bbox 217 3413 1369 3505; baseline -0.003 -24"><span class='ocrx_word' id='word_1_217' title='bbox 217 3437 273 3501; x_wconf 87' lang='lat' dir='ltr'>pro</span> <span class='ocrx_word' id='word_1_218' title='bbox 292 3419 389 3488; x_wconf 86' lang='lat' dir='ltr'>salute</span> <span class='ocrx_word' id='word_1_219' title='bbox 403 3415 574 3487; x_wconf 89' lang='lat' dir='ltr'>animarum</span> <span class='ocrx_word' id='word_1_220' title='bbox 590 3413 692 3492; x_wconf 82' lang='lat' dir='ltr'>labor,</span> <span class='ocrx_word' id='word_1_221' title='bbox 712 3433 806 3505; x_wconf 83' lang='lat' dir='ltr'>quam</span> <span class='ocrx_word' id='word_1_222' title='bbox 825 3433 949 3494; x_wconf 86' lang='lat' dir='ltr'>omnes,</span> <span class='ocrx_word' id='word_1_223' title='bbox 966 3416 1018 3497; x_wconf 85' lang='lat' dir='ltr'>qui</span> <span class='ocrx_word' id='word_1_224' title='bbox 1037 3416 1125 3481; x_wconf 84' lang='lat' dir='ltr'>isthic</span> <span class='ocrx_word' id='word_1_225' title='bbox 1141 3417 1172 3478; x_wconf 94' lang='lat' dir='ltr'>in</span> <span class='ocrx_word' id='word_1_226' title='bbox 1193 3415 1369 3487; x_wconf 84' lang='lat' dir='ltr'>Chesroano</span> 
     </span>
     <span class='ocr_line' id='line_1_29' title="bbox 217 3510 1368 3596; baseline -0.002 -18"><span class='ocrx_word' id='word_1_227' title='bbox 217 3517 331 3596; x_wconf 85' lang='lat' dir='ltr'>degunt</span> <span class='ocrx_word' id='word_1_228' title='bbox 342 3560 353 3592; x_wconf 93' lang='lat'>,</span> <span class='ocrx_word' id='word_1_229' title='bbox 364 3512 557 3590; x_wconf 83' lang='lat' dir='ltr'>eluistianos,</span> <span class='ocrx_word' id='word_1_230' title='bbox 568 3511 606 3574; x_wconf 91' lang='lat' dir='ltr'>de</span> <span class='ocrx_word' id='word_1_231' title='bbox 620 3511 730 3592; x_wconf 82' lang='lat' dir='ltr'>quibus</span> <span class='ocrx_word' id='word_1_232' title='bbox 743 3510 935 3583; x_wconf 84' lang='lat' dir='ltr'>vehementer</span> <span class='ocrx_word' id='word_1_233' title='bbox 944 3511 1062 3577; x_wconf 88' lang='lat' dir='ltr'>solliciti</span> <span class='ocrx_word' id='word_1_234' title='bbox 1073 3531 1109 3579; x_wconf 87' lang='lat' dir='ltr'>ac</span> <span class='ocrx_word' id='word_1_235' title='bbox 1120 3511 1246 3576; x_wconf 85' lang='lat' dir='ltr'>studiosi</span> <span class='ocrx_word' id='word_1_236' title='bbox 1260 3519 1291 3574; x_wconf 95' lang='lat' dir='ltr'>et</span> <span class='ocrx_word' id='word_1_237' title='bbox 1301 3531 1368 3576; x_wconf 83' lang='lat' dir='ltr'>esso</span> 
     </span>
     <span class='ocr_line' id='line_1_30' title="bbox 218 3608 1367 3689; baseline -0.004 -12"><span class='ocrx_word' id='word_1_238' title='bbox 218 3614 364 3677; x_wconf 87' lang='lat' dir='ltr'>debemus</span> <span class='ocrx_word' id='word_1_239' title='bbox 374 3617 530 3680; x_wconf 64' lang='lat' dir='ltr'>etsumus,</span> <span class='ocrx_word' id='word_1_240' title='bbox 547 3609 693 3689; x_wconf 70' lang='lat' dir='ltr'>Maiorem</span> <span class='ocrx_word' id='word_1_241' title='bbox 710 3608 800 3689; x_wconf 87' lang='lat' dir='ltr'>igitur</span> <span class='ocrx_word' id='word_1_242' title='bbox 818 3609 848 3670; x_wconf 89' lang='lat' dir='ltr'>in</span> <span class='ocrx_word' id='word_1_243' title='bbox 865 3608 991 3680; x_wconf 85' lang='lat' dir='ltr'>modurn</span> <span class='ocrx_word' id='word_1_244' title='bbox 1004 3628 1057 3671; x_wconf 93' lang='lat' dir='ltr'>eos</span> <span class='ocrx_word' id='word_1_245' title='bbox 1072 3628 1178 3680; x_wconf 89' lang='lat' dir='ltr'>omnes</span> <span class='ocrx_word' id='word_1_246' title='bbox 1192 3611 1367 3684; x_wconf 81' lang='lat' dir='ltr'>Gelsitudini</span> 
     </span>
     <span class='ocr_line' id='line_1_31' title="bbox 218 3706 1367 3790; baseline -0.001 -18"><span class='ocrx_word' id='word_1_247' title='bbox 218 3714 290 3778; x_wconf 69' lang='lat' dir='ltr'>Tun</span> <span class='ocrx_word' id='word_1_248' title='bbox 303 3707 569 3785; x_wconf 72' lang='lat' dir='ltr'>commendamus,</span> <span class='ocrx_word' id='word_1_249' title='bbox 581 3725 618 3769; x_wconf 89' lang='lat' dir='ltr'>ac</span> <span class='ocrx_word' id='word_1_250' title='bbox 630 3706 681 3776; x_wconf 87' lang='lat' dir='ltr'>illa</span> <span class='ocrx_word' id='word_1_251' title='bbox 693 3725 751 3786; x_wconf 84' lang='lat' dir='ltr'>pro</span> <span class='ocrx_word' id='word_1_252' title='bbox 764 3706 871 3776; x_wconf 87' lang='lat' dir='ltr'>iisdem</span> <span class='ocrx_word' id='word_1_253' title='bbox 889 3726 908 3790; x_wconf 83' lang='lat' dir='ltr'>a</span> <span class='ocrx_word' id='word_1_254' title='bbox 926 3714 957 3768; x_wconf 91' lang='lat' dir='ltr'>te</span> <span class='ocrx_word' id='word_1_255' title='bbox 975 3707 1106 3788; x_wconf 85' lang='lat' dir='ltr'>petimus</span> <span class='ocrx_word' id='word_1_256' title='bbox 1125 3709 1281 3790; x_wconf 82' lang='lat' dir='ltr'>prasidio,</span> <span class='ocrx_word' id='word_1_257' title='bbox 1299 3728 1367 3790; x_wconf 81' lang='lat' dir='ltr'>qua</span> 
     </span>
     <span class='ocr_line' id='line_1_32' title="bbox 218 3805 1368 3887; baseline -0.001 -18"><span class='ocrx_word' id='word_1_258' title='bbox 218 3826 319 3878; x_wconf 86' lang='lat' dir='ltr'>rerum</span> <span class='ocrx_word' id='word_1_259' title='bbox 343 3825 380 3869; x_wconf 89' lang='lat' dir='ltr'>ac</span> <span class='ocrx_word' id='word_1_260' title='bbox 398 3813 569 3887; x_wconf 86' lang='lat' dir='ltr'>temporum</span> <span class='ocrx_word' id='word_1_261' title='bbox 590 3805 831 3886; x_wconf 82' lang='lat' dir='ltr'>opportunitates</span> <span class='ocrx_word' id='word_1_262' title='bbox 856 3805 1010 3885; x_wconf 85' lang='lat' dir='ltr'>postulare</span> <span class='ocrx_word' id='word_1_263' title='bbox 1029 3805 1222 3868; x_wconf 89' lang='lat' dir='ltr'>videbuntur.</span> <span class='ocrx_word' id='word_1_264' title='bbox 1240 3806 1272 3866; x_wconf 87' lang='lat' dir='ltr'>ld</span> <span class='ocrx_word' id='word_1_265' title='bbox 1294 3825 1312 3867; x_wconf 87' lang='lat' dir='ltr'>a</span> <span class='ocrx_word' id='word_1_266' title='bbox 1335 3814 1368 3868; x_wconf 87' lang='lat' dir='ltr'>te</span> 
     </span>
     <span class='ocr_line' id='line_1_33' title="bbox 219 3897 1367 3988; baseline -0.003 -18"><span class='ocrx_word' id='word_1_267' title='bbox 219 3897 454 3970; x_wconf 80' lang='lat' dir='ltr'>cumulatissime</span> <span class='ocrx_word' id='word_1_268' title='bbox 471 3904 637 3984; x_wconf 72' lang='lat' dir='ltr'>prestitum</span> <span class='ocrx_word' id='word_1_269' title='bbox 651 3903 687 3965; x_wconf 88' lang='lat' dir='ltr'>iri</span> <span class='ocrx_word' id='word_1_270' title='bbox 699 3903 743 3966; x_wconf 87' lang='lat' dir='ltr'>ita</span> <span class='ocrx_word' id='word_1_271' title='bbox 757 3903 959 3983; x_wconf 78' lang='lat' dir='ltr'>confidimus,</span> <span class='ocrx_word' id='word_1_272' title='bbox 972 3911 1006 3966; x_wconf 94' lang='lat' dir='ltr'>ut</span> <span class='ocrx_word' id='word_1_273' title='bbox 1020 3905 1137 3988; x_wconf 81' lang='lat' dir='ltr'>egregie</span> <span class='ocrx_word' id='word_1_274' title='bbox 1155 3905 1194 3966; x_wconf 90' lang='lat' dir='ltr'>de</span> <span class='ocrx_word' id='word_1_275' title='bbox 1206 3912 1367 3986; x_wconf 82' lang='lat' dir='ltr'>perspecta</span> 
     </span>
     <span class='ocr_line' id='line_1_34' title="bbox 218 4001 1365 4084; baseline -0.003 -17"><span class='ocrx_word' id='word_1_276' title='bbox 218 4022 337 4077; x_wconf 84' lang='lat' dir='ltr'>summa</span> <span class='ocrx_word' id='word_1_277' title='bbox 355 4001 544 4067; x_wconf 86' lang='lat' dir='ltr'>humanitate</span> <span class='ocrx_word' id='word_1_278' title='bbox 557 4020 594 4064; x_wconf 90' lang='lat' dir='ltr'>ac</span> <span class='ocrx_word' id='word_1_279' title='bbox 605 4001 698 4065; x_wconf 78' lang='lat' dir='ltr'>aninri</span> <span class='ocrx_word' id='word_1_280' title='bbox 710 4002 754 4064; x_wconf 89' lang='lat' dir='ltr'>tui</span> <span class='ocrx_word' id='word_1_281' title='bbox 776 4001 982 4084; x_wconf 87' lang='lat' dir='ltr'>magnitudine</span> <span class='ocrx_word' id='word_1_282' title='bbox 995 4009 1028 4064; x_wconf 92' lang='lat' dir='ltr'>et</span> <span class='ocrx_word' id='word_1_283' title='bbox 1038 4002 1185 4084; x_wconf 89' lang='lat' dir='ltr'>sapientia</span> <span class='ocrx_word' id='word_1_284' title='bbox 1204 4002 1365 4071; x_wconf 60' lang='lat' dir='ltr'>sentimus,</span> 
     </span>
     <span class='ocr_line' id='line_1_35' title="bbox 219 4088 1365 4182; baseline -0.001 -19"><span class='ocrx_word' id='word_1_285' title='bbox 219 4105 260 4163; x_wconf 88' lang='lat' dir='ltr'>De</span> <span class='ocrx_word' id='word_1_286' title='bbox 272 4088 365 4166; x_wconf 87' lang='lat' dir='ltr'>Nobis</span> <span class='ocrx_word' id='word_1_287' title='bbox 380 4099 512 4164; x_wconf 87' lang='lat' dir='ltr'>vicissim</span> <span class='ocrx_word' id='word_1_288' title='bbox 531 4100 581 4163; x_wconf 90' lang='lat' dir='ltr'>illa</span> <span class='ocrx_word' id='word_1_289' title='bbox 593 4095 626 4162; x_wconf 61' lang='lat' dir='ltr'>&#39;te</span> <span class='ocrx_word' id='word_1_290' title='bbox 637 4100 809 4163; x_wconf 88' lang='lat' dir='ltr'>existimare</span> <span class='ocrx_word' id='word_1_291' title='bbox 824 4101 980 4182; x_wconf 88' lang='lat' dir='ltr'>cupimus,</span> <span class='ocrx_word' id='word_1_292' title='bbox 994 4108 1027 4162; x_wconf 93' lang='lat' dir='ltr'>ut</span> <span class='ocrx_word' id='word_1_293' title='bbox 1041 4101 1237 4170; x_wconf 88' lang='lat' dir='ltr'>libentissime</span> <span class='ocrx_word' id='word_1_294' title='bbox 1256 4101 1365 4167; x_wconf 80' lang='lat' dir='ltr'>tacturi</span> 
     </span>
     <span class='ocr_line' id='line_1_36' title="bbox 219 4196 1365 4278; baseline 0 -21"><span class='ocrx_word' id='word_1_295' title='bbox 219 4197 313 4259; x_wconf 89' lang='lat' dir='ltr'>simus</span> <span class='ocrx_word' id='word_1_296' title='bbox 330 4196 541 4278; x_wconf 83' lang='lat' dir='ltr'>quidquidtibi</span> <span class='ocrx_word' id='word_1_297' title='bbox 555 4204 674 4278; x_wconf 87' lang='lat' dir='ltr'>gratum</span> <span class='ocrx_word' id='word_1_298' title='bbox 686 4196 806 4276; x_wconf 86' lang='lat' dir='ltr'>tuisque</span> <span class='ocrx_word' id='word_1_299' title='bbox 817 4197 907 4258; x_wconf 89' lang='lat' dir='ltr'>rebus</span> <span class='ocrx_word' id='word_1_300' title='bbox 920 4203 1127 4278; x_wconf 84' lang='lat' dir='ltr'>opportunum</span> <span class='ocrx_word' id='word_1_301' title='bbox 1140 4215 1274 4278; x_wconf 88' lang='lat' dir='ltr'>unquam</span> <span class='ocrx_word' id='word_1_302' title='bbox 1285 4197 1365 4276; x_wconf 89' lang='lat' dir='ltr'>iutu-</span> 
     </span>
     <span class='ocr_line' id='line_1_37' title="bbox 218 4291 1365 4374; baseline 0.002 -19"><span class='ocrx_word' id='word_1_303' title='bbox 218 4313 287 4356; x_wconf 90' lang='lat' dir='ltr'>rum</span> <span class='ocrx_word' id='word_1_304' title='bbox 297 4294 349 4371; x_wconf 91' lang='lat' dir='ltr'>sit,</span> <span class='ocrx_word' id='word_1_305' title='bbox 361 4313 460 4374; x_wconf 85' lang='lat' dir='ltr'>neque</span> <span class='ocrx_word' id='word_1_306' title='bbox 475 4292 529 4354; x_wconf 90' lang='lat' dir='ltr'>ulli</span> <span class='ocrx_word' id='word_1_307' title='bbox 541 4291 698 4362; x_wconf 90' lang='lat' dir='ltr'>deiuturos</span> <span class='ocrx_word' id='word_1_308' title='bbox 713 4310 779 4354; x_wconf 92' lang='lat' dir='ltr'>esse</span> <span class='ocrx_word' id='word_1_309' title='bbox 792 4292 958 4370; x_wconf 89' lang='lat' dir='ltr'>occasioni,</span> <span class='ocrx_word' id='word_1_310' title='bbox 980 4312 1041 4372; x_wconf 85' lang='lat' dir='ltr'>qua</span> <span class='ocrx_word' id='word_1_311' title='bbox 1054 4293 1136 4360; x_wconf 90' lang='lat' dir='ltr'>hunc</span> <span class='ocrx_word' id='word_1_312' title='bbox 1147 4301 1284 4363; x_wconf 86' lang='lat' dir='ltr'>nostrum</span> <span class='ocrx_word' id='word_1_313' title='bbox 1293 4311 1365 4374; x_wconf 84' lang='lat' dir='ltr'>erga</span> 
     </span>
     <span class='ocr_line' id='line_1_38' title="bbox 218 4390 1366 4470; baseline -0.001 -17"><span class='ocrx_word' id='word_1_314' title='bbox 218 4401 248 4453; x_wconf 89' lang='lat' dir='ltr'>te</span> <span class='ocrx_word' id='word_1_315' title='bbox 264 4391 531 4454; x_wconf 90' lang='lat' dir='ltr'>luculentissimum</span> <span class='ocrx_word' id='word_1_316' title='bbox 546 4390 680 4451; x_wconf 88' lang='lat' dir='ltr'>animum</span> <span class='ocrx_word' id='word_1_317' title='bbox 698 4390 953 4470; x_wconf 82' lang='lat' dir='ltr'>reipsatcsternnr</span> <span class='ocrx_word' id='word_1_318' title='bbox 963 4396 993 4450; x_wconf 89' lang='lat' dir='ltr'>ot</span> <span class='ocrx_word' id='word_1_319' title='bbox 1003 4391 1227 4454; x_wconf 80' lang='lat' dir='ltr'>confirmemus.</span> <span class='ocrx_word' id='word_1_320' title='bbox 1241 4392 1366 4461; x_wconf 88' lang='lat' dir='ltr'>interim</span> 
     </span>
     <span class='ocr_line' id='line_1_39' title="bbox 219 4487 1387 4562; baseline -0.003 -10"><span class='ocrx_word' id='word_1_321' title='bbox 219 4489 391 4552; x_wconf 82' lang='lat' dir='ltr'>Celsitudini</span> <span class='ocrx_word' id='word_1_322' title='bbox 406 4497 461 4551; x_wconf 76' lang='lat' dir='ltr'>tnar</span> <span class='ocrx_word' id='word_1_323' title='bbox 476 4488 582 4549; x_wconf 89' lang='lat' dir='ltr'>intimo</span> <span class='ocrx_word' id='word_1_324' title='bbox 602 4487 695 4549; x_wconf 89' lang='lat' dir='ltr'>nostri</span> <span class='ocrx_word' id='word_1_325' title='bbox 716 4487 814 4548; x_wconf 89' lang='lat' dir='ltr'>cordis</span> <span class='ocrx_word' id='word_1_326' title='bbox 838 4506 925 4547; x_wconf 91' lang='lat' dir='ltr'>sensu</span> <span class='ocrx_word' id='word_1_327' title='bbox 941 4507 958 4547; x_wconf 87' lang='lat' dir='ltr'>a</span> <span class='ocrx_word' id='word_1_328' title='bbox 979 4489 1130 4551; x_wconf 90' lang='lat' dir='ltr'>honorum</span> <span class='ocrx_word' id='word_1_329' title='bbox 1144 4490 1280 4552; x_wconf 90' lang='lat' dir='ltr'>omniurn</span> <span class='ocrx_word' id='word_1_330' title='bbox 1295 4510 1365 4552; x_wconf 71' lang='lat' dir='ltr'>tarro·</span> <span class='ocrx_word' id='word_1_331' title='bbox 1385 4559 1387 4562; x_wconf 23' lang='lat'>¹</span> 
     </span>
    </p>
   </div>
   <div class='ocr_carea' id='block_1_9' title="bbox 0 0 1598 5414">
    <p class='ocr_par' dir='ltr' id='par_1_9' title="bbox 0 0 1598 5414">
     <span class='ocr_line' id='line_1_40' title="bbox 0 0 1598 5414; baseline 0 3"><span class='ocrx_word' id='word_1_332' title='bbox 0 0 1598 5414; x_wconf 95' lang='lat' dir='ltr'> </span> 
     </span>
    </p>
   </div>
  </div>
 </body>
</html>
