<?xml version="1.0" encoding="UTF-8"?>
<!DOCTYPE html PUBLIC "-//W3C//DTD XHTML 1.0 Transitional//EN"
    "http://www.w3.org/TR/xhtml1/DTD/xhtml1-transitional.dtd">
<html xmlns="http://www.w3.org/1999/xhtml" xml:lang="en" lang="en">
 <head>
  <title>
</title>
<meta http-equiv="Content-Type" content="text/html;charset=utf-8" />
  <meta name='ocr-system' content='tesseract 3.04.00' />
  <meta name='ocr-capabilities' content='ocr_page ocr_carea ocr_par ocr_line ocrx_word'/>
</head>
<body>
  <div class='ocr_page' id='page_1' title='image "./clementisxivpon00clemgoog_0033.png"; bbox 0 0 3188 5414; ppageno 0'>
   <div class='ocr_carea' id='block_1_1' title="bbox 327 475 1044 543">
    <p class='ocr_par' dir='ltr' id='par_1_1' title="bbox 327 475 1044 543">
     <span class='ocr_line' id='line_1_1' title="bbox 327 475 1044 543; baseline -0.004 -10"><span class='ocrx_word' id='word_1_1' title='bbox 327 484 361 533; x_wconf 75' lang='lat'><strong>20</strong></span> <span class='ocrx_word' id='word_1_2' title='bbox 608 523 612 529; x_wconf 95' lang='lat'><strong>.</strong></span> <span class='ocrx_word' id='word_1_3' title='bbox 651 535 654 543; x_wconf 70' lang='grc'><strong>,</strong></span> <span class='ocrx_word' id='word_1_4' title='bbox 759 475 961 535; x_wconf 81' lang='lat' dir='ltr'><strong>CLEMENTlS</strong></span> <span class='ocrx_word' id='word_1_5' title='bbox 979 478 1044 532; x_wconf 82' lang='lat' dir='ltr'><strong>xlv</strong></span> 
     </span>
    </p>
   </div>
   <div class='ocr_carea' id='block_1_2' title="bbox 323 581 1477 1152">
    <p class='ocr_par' dir='ltr' id='par_1_2' title="bbox 323 581 1477 1152">
     <span class='ocr_line' id='line_1_2' title="bbox 324 581 1477 665; baseline 0 -19"><span class='ocrx_word' id='word_1_6' title='bbox 324 587 392 665; x_wconf 86' lang='lat' dir='ltr'><strong>Opt.</strong></span> <span class='ocrx_word' id='word_1_7' title='bbox 407 582 572 645; x_wconf 79' lang='lat' dir='ltr'><strong>Maximum</strong></span> <span class='ocrx_word' id='word_1_8' title='bbox 590 600 646 661; x_wconf 87' lang='lat' dir='ltr'><strong>pro</strong></span> <span class='ocrx_word' id='word_1_9' title='bbox 666 581 823 655; x_wconf 75' lang='lat' dir='ltr'>fulciendis</span> <span class='ocrx_word' id='word_1_10' title='bbox 850 582 963 644; x_wconf 91' lang='lat' dir='ltr'><strong>viribus</strong></span> <span class='ocrx_word' id='word_1_11' title='bbox 983 581 1094 644; x_wconf 88' lang='lat' dir='ltr'><strong>nostris</strong></span> <span class='ocrx_word' id='word_1_12' title='bbox 1114 581 1185 644; x_wconf 89' lang='lat' dir='ltr'><strong>huic</strong></span> <span class='ocrx_word' id='word_1_13' title='bbox 1207 587 1294 647; x_wconf 85' lang='lat' dir='ltr'><strong>lauto</strong></span> <span class='ocrx_word' id='word_1_14' title='bbox 1307 582 1477 649; x_wconf 85' lang='lat' dir='ltr'><strong>ministerio</strong></span> 
     </span>
     <span class='ocr_line' id='line_1_3' title="bbox 324 679 1477 761; baseline 0.002 -21"><span class='ocrx_word' id='word_1_15' title='bbox 324 682 413 761; x_wconf 82' lang='lat' dir='ltr'><strong>plane</strong></span> <span class='ocrx_word' id='word_1_16' title='bbox 430 679 596 759; x_wconf 83' lang='lat' dir='ltr'>imparibus</span> <span class='ocrx_word' id='word_1_17' title='bbox 612 679 826 760; x_wconf 79' lang='lat' dir='ltr'>deprecemini.</span> <span class='ocrx_word' id='word_1_18' title='bbox 846 679 909 740; x_wconf 88' lang='lat' dir='ltr'><strong>llac</strong></span> <span class='ocrx_word' id='word_1_19' title='bbox 922 679 1003 742; x_wconf 91' lang='lat' dir='ltr'><strong>enim</strong></span> <span class='ocrx_word' id='word_1_20' title='bbox 1018 679 1136 741; x_wconf 90' lang='lat' dir='ltr'><strong>ratione</strong></span> <span class='ocrx_word' id='word_1_21' title='bbox 1153 679 1206 741; x_wconf 89' lang='lat' dir='ltr'><strong>illa</strong></span> <span class='ocrx_word' id='word_1_22' title='bbox 1218 686 1319 741; x_wconf 87' lang='lat' dir='ltr'><strong>vestra</strong></span> <span class='ocrx_word' id='word_1_23' title='bbox 1336 679 1375 741; x_wconf 91' lang='lat' dir='ltr'><strong>de</strong></span> <span class='ocrx_word' id='word_1_24' title='bbox 1387 681 1477 742; x_wconf 85' lang='lat' dir='ltr'><strong>nobis</strong></span> 
     </span>
     <span class='ocr_line' id='line_1_4' title="bbox 323 776 1475 858; baseline 0.003 -20"><span class='ocrx_word' id='word_1_25' title='bbox 323 779 413 858; x_wconf 87' lang='lat' dir='ltr'><strong>plena</strong></span> <span class='ocrx_word' id='word_1_26' title='bbox 426 776 545 858; x_wconf 85' lang='lat' dir='ltr'><strong>pietatis</strong></span> <span class='ocrx_word' id='word_1_27' title='bbox 557 795 594 840; x_wconf 90' lang='lat' dir='ltr'><strong>ao</strong></span> <span class='ocrx_word' id='word_1_28' title='bbox 608 777 805 839; x_wconf 86' lang='lat' dir='ltr'><strong>humanitatis</strong></span> <span class='ocrx_word' id='word_1_29' title='bbox 817 777 931 855; x_wconf 87' lang='lat' dir='ltr'><strong>judicia</strong></span> <span class='ocrx_word' id='word_1_30' title='bbox 946 796 981 839; x_wconf 88' lang='lat' dir='ltr'><strong>ac</strong></span> <span class='ocrx_word' id='word_1_31' title='bbox 992 785 1080 856; x_wconf 87' lang='lat' dir='ltr'><strong>vota,</strong></span> <span class='ocrx_word' id='word_1_32' title='bbox 1099 785 1132 840; x_wconf 89' lang='lat' dir='ltr'><strong>ut</strong></span> <span class='ocrx_word' id='word_1_33' title='bbox 1146 785 1212 841; x_wconf 87' lang='lat' dir='ltr'><strong>rata</strong></span> <span class='ocrx_word' id='word_1_34' title='bbox 1233 780 1312 856; x_wconf 87' lang='lat' dir='ltr'><strong>siut,</strong></span> <span class='ocrx_word' id='word_1_35' title='bbox 1327 778 1475 855; x_wconf 83' lang='lat' dir='ltr'><strong>maxime,</strong></span> 
     </span>
     <span class='ocr_line' id='line_1_5' title="bbox 323 874 1477 956; baseline 0 -20"><span class='ocrx_word' id='word_1_36' title='bbox 323 882 472 956; x_wconf 86' lang='lat' dir='ltr'><strong>quantum</strong></span> <span class='ocrx_word' id='word_1_37' title='bbox 482 875 513 936; x_wconf 93' lang='lat' dir='ltr'><strong>iu</strong></span> <span class='ocrx_word' id='word_1_38' title='bbox 522 874 607 938; x_wconf 88' lang='lat' dir='ltr'><strong>vobis</strong></span> <span class='ocrx_word' id='word_1_39' title='bbox 623 875 699 952; x_wconf 85' lang='lat' dir='ltr'><strong>erit,</strong></span> <span class='ocrx_word' id='word_1_40' title='bbox 714 875 908 955; x_wconf 82' lang='lat' dir='ltr'><strong>praestabitis.</strong></span> <span class='ocrx_word' id='word_1_41' title='bbox 923 875 983 937; x_wconf 92' lang='lat' dir='ltr'><strong>Nos</strong></span> <span class='ocrx_word' id='word_1_42' title='bbox 994 894 1066 938; x_wconf 86' lang='lat' dir='ltr'><strong>vero</strong></span> <span class='ocrx_word' id='word_1_43' title='bbox 1086 895 1122 938; x_wconf 92' lang='lat' dir='ltr'><strong>eo</strong></span> <span class='ocrx_word' id='word_1_44' title='bbox 1135 876 1166 937; x_wconf 95' lang='lat' dir='ltr'><strong>in</strong></span> <span class='ocrx_word' id='word_1_45' title='bbox 1180 895 1233 938; x_wconf 87' lang='lat' dir='ltr'><strong>vos</strong></span> <span class='ocrx_word' id='word_1_46' title='bbox 1245 874 1347 938; x_wconf 71' lang='lat' dir='ltr'><strong>muno</strong></span> <span class='ocrx_word' id='word_1_47' title='bbox 1357 893 1477 956; x_wconf 81' lang='lat' dir='ltr'><strong>semper</strong></span> 
     </span>
     <span class='ocr_line' id='line_1_6' title="bbox 323 972 1476 1054; baseline 0.003 -20"><span class='ocrx_word' id='word_1_48' title='bbox 323 974 456 1049; x_wconf 79' lang='lat' dir='ltr'><strong>orimus,</strong></span> <span class='ocrx_word' id='word_1_49' title='bbox 472 980 505 1035; x_wconf 90' lang='lat' dir='ltr'><strong>ut</strong></span> <span class='ocrx_word' id='word_1_50' title='bbox 516 972 646 1035; x_wconf 79' lang='lat' dir='ltr'><strong>defuturi</strong></span> <span class='ocrx_word' id='word_1_51' title='bbox 656 990 812 1053; x_wconf 87' lang='lat' dir='ltr'><strong>nunquam</strong></span> <span class='ocrx_word' id='word_1_52' title='bbox 823 972 918 1035; x_wconf 63' lang='lat' dir='ltr'><strong>umus</strong></span> <span class='ocrx_word' id='word_1_53' title='bbox 929 973 994 1046; x_wconf 88' lang='lat' dir='ltr'><strong>ulli,</strong></span> <span class='ocrx_word' id='word_1_54' title='bbox 1005 972 1031 1035; x_wconf 93' lang='lat' dir='ltr'><strong>si</strong></span> <span class='ocrx_word' id='word_1_55' title='bbox 1044 993 1106 1054; x_wconf 88' lang='lat' dir='ltr'><strong>qua</strong></span> <span class='ocrx_word' id='word_1_56' title='bbox 1117 973 1276 1051; x_wconf 86' lang='lat' dir='ltr'><strong>inciderit,</strong></span> <span class='ocrx_word' id='word_1_57' title='bbox 1292 976 1476 1054; x_wconf 88' lang='lat' dir='ltr'><strong>opportuni-</strong></span> 
     </span>
     <span class='ocr_line' id='line_1_7' title="bbox 323 1069 1476 1152; baseline 0.003 -21"><span class='ocrx_word' id='word_1_58' title='bbox 323 1072 395 1148; x_wconf 85' lang='lat' dir='ltr'><strong>lati,</strong></span> <span class='ocrx_word' id='word_1_59' title='bbox 410 1088 472 1151; x_wconf 85' lang='lat' dir='ltr'><strong>qua</strong></span> <span class='ocrx_word' id='word_1_60' title='bbox 483 1075 641 1152; x_wconf 88' lang='lat' dir='ltr'><strong>paternam</strong></span> <span class='ocrx_word' id='word_1_61' title='bbox 652 1087 724 1149; x_wconf 81' lang='lat' dir='ltr'><strong>erga</strong></span> <span class='ocrx_word' id='word_1_62' title='bbox 737 1088 791 1133; x_wconf 85' lang='lat' dir='ltr'><strong>vos</strong></span> <span class='ocrx_word' id='word_1_63' title='bbox 806 1069 969 1150; x_wconf 81' lang='lat' dir='ltr'><strong>plurimam</strong></span> <span class='ocrx_word' id='word_1_64' title='bbox 984 1071 1225 1133; x_wconf 77' lang='lat' dir='ltr'><strong>benevolentiam</strong></span> <span class='ocrx_word' id='word_1_65' title='bbox 1238 1077 1379 1134; x_wconf 88' lang='lat' dir='ltr'><strong>testatam</strong></span> <span class='ocrx_word' id='word_1_66' title='bbox 1388 1073 1476 1135; x_wconf 85' lang='lat' dir='ltr'><strong>vobis</strong></span> 
     </span>
    </p>
   </div>
   <div class='ocr_carea' id='block_1_3' title="bbox 323 1167 1572 1250">
    <p class='ocr_par' dir='ltr' id='par_1_3' title="bbox 323 1167 1572 1250">
     <span class='ocr_line' id='line_1_8' title="bbox 323 1167 1572 1250; baseline 0.002 -19"><span class='ocrx_word' id='word_1_67' title='bbox 323 1187 359 1231; x_wconf 87' lang='lat' dir='ltr'><strong>ac</strong></span> <span class='ocrx_word' id='word_1_68' title='bbox 380 1168 481 1248; x_wconf 88' lang='lat' dir='ltr'><strong>reipsa</strong></span> <span class='ocrx_word' id='word_1_69' title='bbox 503 1167 871 1248; x_wconf 83' lang='lat' dir='ltr'><strong>perspectamsaciamus.</strong></span> <span class='ocrx_word' id='word_1_70' title='bbox 886 1170 918 1229; x_wconf 91' lang='lat' dir='ltr'><strong>ln</strong></span> <span class='ocrx_word' id='word_1_71' title='bbox 940 1168 1027 1247; x_wconf 84' lang='lat' dir='ltr'><strong>cujus</strong></span> <span class='ocrx_word' id='word_1_72' title='bbox 1050 1187 1132 1232; x_wconf 90' lang='lat' dir='ltr'><strong>nnnc</strong></span> <span class='ocrx_word' id='word_1_73' title='bbox 1145 1168 1349 1231; x_wconf 89' lang='lat' dir='ltr'><strong>certissimum</strong></span> <span class='ocrx_word' id='word_1_74' title='bbox 1366 1170 1475 1250; x_wconf 77' lang='lat' dir='ltr'><strong>pignam</strong></span> <span class='ocrx_word' id='word_1_75' title='bbox 1568 1209 1572 1212; x_wconf 92' lang='lat'><em>-</em></span> 
     </span>
    </p>
   </div>
   <div class='ocr_carea' id='block_1_4' title="bbox 322 1263 1473 1443">
    <p class='ocr_par' dir='ltr' id='par_1_4' title="bbox 322 1263 1473 1443">
     <span class='ocr_line' id='line_1_9' title="bbox 324 1263 1473 1348; baseline 0.003 -21"><span class='ocrx_word' id='word_1_76' title='bbox 324 1265 521 1346; x_wconf 87' lang='lat' dir='ltr'><strong>apostolicam</strong></span> <span class='ocrx_word' id='word_1_77' title='bbox 531 1263 773 1326; x_wconf 87' lang='lat' dir='ltr'><strong>benedictionem</strong></span> <span class='ocrx_word' id='word_1_78' title='bbox 778 1264 877 1342; x_wconf 89' lang='lat' dir='ltr'><strong>vobis,</strong></span> <span class='ocrx_word' id='word_1_79' title='bbox 885 1263 985 1328; x_wconf 89' lang='lat' dir='ltr'><strong>dilecti</strong></span> <span class='ocrx_word' id='word_1_80' title='bbox 992 1265 1057 1343; x_wconf 85' lang='lat' dir='ltr'><strong>tilii,</strong></span> <span class='ocrx_word' id='word_1_81' title='bbox 1067 1273 1259 1348; x_wconf 75' lang='lat' dir='ltr'><strong>peramanter</strong></span> <span class='ocrx_word' id='word_1_82' title='bbox 1271 1266 1473 1347; x_wconf 79' lang='lat' dir='ltr'><strong>impertimur.</strong></span> 
     </span>
     <span class='ocr_line' id='line_1_10' title="bbox 322 1364 1472 1443; baseline 0 -16"><span class='ocrx_word' id='word_1_83' title='bbox 322 1366 436 1429; x_wconf 84' lang='lat' dir='ltr'><strong>Datum</strong></span> <span class='ocrx_word' id='word_1_84' title='bbox 450 1364 564 1437; x_wconf 74' lang='lat' dir='ltr'><strong>Romu,</strong></span> <span class='ocrx_word' id='word_1_85' title='bbox 576 1368 647 1432; x_wconf 73' lang='lat' dir='ltr'><strong>etc,</strong></span> <span class='ocrx_word' id='word_1_86' title='bbox 664 1371 700 1422; x_wconf 80' lang='lat'><strong>1²</strong></span> <span class='ocrx_word' id='word_1_87' title='bbox 714 1367 836 1440; x_wconf 65' lang='lat' dir='ltr'><strong>curuati</strong></span> <span class='ocrx_word' id='word_1_88' title='bbox 852 1372 940 1435; x_wconf 80' lang='lat'><strong>1769,</strong></span> <span class='ocrx_word' id='word_1_89' title='bbox 950 1367 1145 1443; x_wconf 63' lang='lat' dir='ltr'><strong>pontificatus</strong></span> <span class='ocrx_word' id='word_1_90' title='bbox 1164 1369 1260 1429; x_wconf 81' lang='lat' dir='ltr'><strong>nostri</strong></span> <span class='ocrx_word' id='word_1_91' title='bbox 1273 1383 1355 1427; x_wconf 80' lang='lat' dir='ltr'><strong>uano</strong></span> <span class='ocrx_word' id='word_1_92' title='bbox 1364 1371 1472 1442; x_wconf 79' lang='lat' dir='ltr'><strong>primo.</strong></span> 
     </span>
    </p>
   </div>
   <div class='ocr_carea' id='block_1_5' title="bbox 805 1502 990 1522">
    <p class='ocr_par' dir='ltr' id='par_1_5' title="bbox 805 1502 990 1522">
     <span class='ocr_line' id='line_1_11' title="bbox 805 1502 990 1522; baseline 0 -5"><span class='ocrx_word' id='word_1_93' title='bbox 805 1502 990 1522; x_wconf 63' lang='grc' dir='ltr'><strong>-η--ιιῃ</strong></span> 
     </span>
    </p>
   </div>
   <div class='ocr_carea' id='block_1_6' title="bbox 836 1616 958 1689">
    <p class='ocr_par' dir='ltr' id='par_1_6' title="bbox 836 1616 958 1689">
     <span class='ocr_line' id='line_1_12' title="bbox 836 1616 958 1689; baseline 0.008 -2"><span class='ocrx_word' id='word_1_94' title='bbox 836 1616 958 1689; x_wconf 86' lang='lat' dir='ltr'><strong>XXlll.</strong></span> 
     </span>
    </p>
   </div>
   <div class='ocr_carea' id='block_1_7' title="bbox 764 1780 1029 1827">
    <p class='ocr_par' dir='ltr' id='par_1_7' title="bbox 764 1780 1029 1827">
     <span class='ocr_line' id='line_1_13' title="bbox 764 1780 1029 1827; baseline 0.011 -4"><span class='ocrx_word' id='word_1_95' title='bbox 764 1780 909 1826; x_wconf 69' lang='lat' dir='ltr'><strong>blancus</strong></span> <span class='ocrx_word' id='word_1_96' title='bbox 931 1782 1029 1827; x_wconf 74' lang='lat' dir='ltr'><strong>ribus</strong></span> 
     </span>
    </p>
   </div>
   <div class='ocr_carea' id='block_1_8' title="bbox 379 1865 1419 2080">
    <p class='ocr_par' dir='ltr' id='par_1_8' title="bbox 379 1865 1419 2080">
     <span class='ocr_line' id='line_1_14' title="bbox 379 1865 1411 1960; baseline -0.005 0"><span class='ocrx_word' id='word_1_97' title='bbox 379 1865 535 1960; x_wconf 78' lang='lat' dir='ltr'><strong>arcano</strong></span> <span class='ocrx_word' id='word_1_98' title='bbox 555 1896 605 1959; x_wconf 87' lang='lat' dir='ltr'><strong>nr</strong></span> <span class='ocrx_word' id='word_1_99' title='bbox 624 1895 843 1959; x_wconf 77' lang='lat' dir='ltr'><strong>naumann</strong></span> <span class='ocrx_word' id='word_1_100' title='bbox 864 1892 1020 1956; x_wconf 74' lang='lat' dir='ltr'><strong>norrun</strong></span> <span class='ocrx_word' id='word_1_101' title='bbox 1040 1882 1411 1958; x_wconf 74' lang='lat' dir='ltr'><strong>suurn-&#39;nnumanu</strong></span> 
     </span>
     <span class='ocr_line' id='line_1_15' title="bbox 702 2000 1419 2080; baseline -0.011 0"><span class='ocrx_word' id='word_1_102' title='bbox 702 2000 704 2005; x_wconf 64' lang='grc'>’</span> <span class='ocrx_word' id='word_1_103' title='bbox 729 2031 838 2080; x_wconf 84' lang='lat' dir='ltr'><strong>orrmr</strong></span> <span class='ocrx_word' id='word_1_104' title='bbox 854 2025 1066 2079; x_wconf 76' lang='lat' dir='ltr'><strong>novariensis.</strong></span> <span class='ocrx_word' id='word_1_105' title='bbox 1345 2018 1348 2023; x_wconf 57' lang='lat'><em>⁴</em></span> <span class='ocrx_word' id='word_1_106' title='bbox 1415 2009 1419 2016; x_wconf 81' lang='grc'><strong>’</strong></span> 
     </span>
    </p>
   </div>
   <div class='ocr_carea' id='block_1_9' title="bbox 592 2119 1151 2222">
    <p class='ocr_par' dir='ltr' id='par_1_9' title="bbox 592 2119 1151 2222">
     <span class='ocr_line' id='line_1_16' title="bbox 592 2119 1151 2222; baseline -0.009 1"><span class='ocrx_word' id='word_1_107' title='bbox 592 2119 595 2125; x_wconf 79' lang='grc'><strong>’</strong></span> <span class='ocrx_word' id='word_1_108' title='bbox 637 2132 865 2222; x_wconf 77' lang='lat' dir='ltr'><strong>curuans</strong></span> <span class='ocrx_word' id='word_1_109' title='bbox 892 2145 1016 2221; x_wconf 80' lang='lat' dir='ltr'><strong>rnen</strong></span> <span class='ocrx_word' id='word_1_110' title='bbox 1043 2140 1151 2219; x_wconf 77' lang='lat' dir='ltr'><strong>niu.</strong></span> 
     </span>
    </p>
   </div>
   <div class='ocr_carea' id='block_1_10' title="bbox 1080 2316 1407 2379">
    <p class='ocr_par' dir='ltr' id='par_1_10' title="bbox 1080 2316 1407 2379">
     <span class='ocr_line' id='line_1_17' title="bbox 1080 2316 1407 2379; baseline -0.006 -13"><span class='ocrx_word' id='word_1_111' title='bbox 1080 2319 1176 2378; x_wconf 79' lang='lat' dir='ltr'><strong>Romae,</strong></span> <span class='ocrx_word' id='word_1_112' title='bbox 1195 2323 1222 2366; x_wconf 84' lang='lat' dir='ltr'><strong>to</strong></span> <span class='ocrx_word' id='word_1_113' title='bbox 1235 2316 1329 2379; x_wconf 60' lang='lat' dir='ltr'><strong>augum</strong></span> <span class='ocrx_word' id='word_1_114' title='bbox 1341 2318 1407 2368; x_wconf 74' lang='lat'><strong>17⁶9.</strong></span> 
     </span>
    </p>
   </div>
   <div class='ocr_carea' id='block_1_11' title="bbox 307 2422 1476 4166">
    <p class='ocr_par' dir='ltr' id='par_1_11' title="bbox 307 2422 1476 4166">
     <span class='ocr_line' id='line_1_18' title="bbox 360 2422 1470 2507; baseline -0.005 -18"><span class='ocrx_word' id='word_1_115' title='bbox 360 2428 490 2498; x_wconf 80' lang='lat' dir='ltr'><strong>Dilecta,</strong></span> <span class='ocrx_word' id='word_1_116' title='bbox 508 2432 563 2489; x_wconf 80' lang='lat' dir='ltr'><strong>etc.</strong></span> <span class='ocrx_word' id='word_1_117' title='bbox 583 2425 799 2492; x_wconf 86' lang='lat' dir='ltr'><strong>Gratulationis</strong></span> <span class='ocrx_word' id='word_1_118' title='bbox 810 2425 923 2505; x_wconf 87' lang='lat' dir='ltr'><strong>ollicia,</strong></span> <span class='ocrx_word' id='word_1_119' title='bbox 935 2442 1003 2507; x_wconf 87' lang='lat' dir='ltr'><strong>quae</strong></span> <span class='ocrx_word' id='word_1_120' title='bbox 1019 2424 1060 2486; x_wconf 95' lang='lat' dir='ltr'><strong>ob</strong></span> <span class='ocrx_word' id='word_1_121' title='bbox 1070 2423 1258 2506; x_wconf 81' lang='lat' dir='ltr'><strong>pontificiam</strong></span> <span class='ocrx_word' id='word_1_122' title='bbox 1270 2423 1363 2486; x_wconf 91' lang='lat' dir='ltr'><strong>Nobis</strong></span> <span class='ocrx_word' id='word_1_123' title='bbox 1382 2422 1470 2487; x_wconf 87' lang='lat' dir='ltr'><strong>dela-</strong></span> 
     </span>
     <span class='ocr_line' id='line_1_19' title="bbox 318 2521 1469 2615; baseline -0.001 -31"><span class='ocrx_word' id='word_1_124' title='bbox 318 2529 383 2585; x_wconf 86' lang='lat' dir='ltr'><strong>tam</strong></span> <span class='ocrx_word' id='word_1_125' title='bbox 396 2523 575 2603; x_wconf 80' lang='lat' dir='ltr'><strong>dignitatern</strong></span> <span class='ocrx_word' id='word_1_126' title='bbox 589 2523 756 2600; x_wconf 73' lang='lat' dir='ltr'><strong>lucelenter</strong></span> <span class='ocrx_word' id='word_1_127' title='bbox 774 2522 959 2604; x_wconf 80' lang='lat' dir='ltr'><strong>persolvitis,</strong></span> <span class='ocrx_word' id='word_1_128' title='bbox 980 2528 1065 2584; x_wconf 88' lang='lat' dir='ltr'><strong>tanto</strong></span> <span class='ocrx_word' id='word_1_129' title='bbox 1086 2522 1175 2585; x_wconf 87' lang='lat' dir='ltr'><strong>nobis</strong></span> <span class='ocrx_word' id='word_1_130' title='bbox 1188 2521 1320 2602; x_wconf 84' lang='lat' dir='ltr'><strong>gratiora</strong></span> <span class='ocrx_word' id='word_1_131' title='bbox 1332 2521 1469 2615; x_wconf 86' lang='lat' dir='ltr'><strong>luerunt,</strong></span> 
     </span>
     <span class='ocr_line' id='line_1_20' title="bbox 318 2621 1470 2704; baseline 0 -21"><span class='ocrx_word' id='word_1_132' title='bbox 318 2627 433 2701; x_wconf 84' lang='lat' dir='ltr'><strong>quanto</strong></span> <span class='ocrx_word' id='word_1_133' title='bbox 457 2623 642 2702; x_wconf 88' lang='lat' dir='ltr'><strong>perspectior</strong></span> <span class='ocrx_word' id='word_1_134' title='bbox 664 2630 711 2684; x_wconf 92' lang='lat' dir='ltr'><strong>est</strong></span> <span class='ocrx_word' id='word_1_135' title='bbox 729 2629 830 2693; x_wconf 83' lang='lat' dir='ltr'><strong>vestra</strong></span> <span class='ocrx_word' id='word_1_136' title='bbox 849 2624 881 2684; x_wconf 93' lang='lat' dir='ltr'><strong>in</strong></span> <span class='ocrx_word' id='word_1_137' title='bbox 901 2624 963 2685; x_wconf 88' lang='lat' dir='ltr'><strong>Nos</strong></span> <span class='ocrx_word' id='word_1_138' title='bbox 987 2628 1077 2704; x_wconf 87' lang='lat' dir='ltr'><strong>atque</strong></span> <span class='ocrx_word' id='word_1_139' title='bbox 1099 2623 1297 2703; x_wconf 88' lang='lat' dir='ltr'><strong>apostolicam</strong></span> <span class='ocrx_word' id='word_1_140' title='bbox 1318 2621 1397 2684; x_wconf 87' lang='lat' dir='ltr'><strong>banc</strong></span> <span class='ocrx_word' id='word_1_141' title='bbox 1419 2639 1470 2683; x_wconf 88' lang='lat' dir='ltr'><strong>se-</strong></span> 
     </span>
     <span class='ocr_line' id='line_1_21' title="bbox 317 2718 1470 2802; baseline 0.002 -23"><span class='ocrx_word' id='word_1_142' title='bbox 317 2718 387 2780; x_wconf 89' lang='lat' dir='ltr'><strong>dem</strong></span> <span class='ocrx_word' id='word_1_143' title='bbox 403 2719 477 2781; x_wconf 86' lang='lat' dir='ltr'><strong>fides</strong></span> <span class='ocrx_word' id='word_1_144' title='bbox 498 2726 588 2800; x_wconf 86' lang='lat' dir='ltr'><strong>atque</strong></span> <span class='ocrx_word' id='word_1_145' title='bbox 608 2720 810 2783; x_wconf 87' lang='lat' dir='ltr'><strong>observantia.</strong></span> <span class='ocrx_word' id='word_1_146' title='bbox 834 2720 890 2795; x_wconf 87' lang='lat' dir='ltr'><strong>Qui</strong></span> <span class='ocrx_word' id='word_1_147' title='bbox 904 2720 1028 2802; x_wconf 91' lang='lat' dir='ltr'><strong>quidem</strong></span> <span class='ocrx_word' id='word_1_148' title='bbox 1046 2727 1144 2783; x_wconf 84' lang='lat' dir='ltr'><strong>vester</strong></span> <span class='ocrx_word' id='word_1_149' title='bbox 1166 2720 1197 2780; x_wconf 93' lang='lat' dir='ltr'><strong>in</strong></span> <span class='ocrx_word' id='word_1_150' title='bbox 1211 2721 1273 2781; x_wconf 91' lang='lat' dir='ltr'><strong>Nos</strong></span> <span class='ocrx_word' id='word_1_151' title='bbox 1295 2718 1414 2781; x_wconf 90' lang='lat' dir='ltr'><strong>animus</strong></span> <span class='ocrx_word' id='word_1_152' title='bbox 1431 2737 1470 2781; x_wconf 88' lang='lat' dir='ltr'><strong>eo</strong></span> 
     </span>
     <span class='ocr_line' id='line_1_22' title="bbox 317 2815 1470 2899; baseline -0.001 -22"><span class='ocrx_word' id='word_1_153' title='bbox 317 2815 351 2879; x_wconf 85' lang='lat' dir='ltr'><strong>nt</strong></span> <span class='ocrx_word' id='word_1_154' title='bbox 370 2819 465 2899; x_wconf 92' lang='lat' dir='ltr'><strong>pluris</strong></span> <span class='ocrx_word' id='word_1_155' title='bbox 484 2838 502 2880; x_wconf 89' lang='lat' dir='ltr'><strong>a</strong></span> <span class='ocrx_word' id='word_1_156' title='bbox 519 2819 629 2897; x_wconf 90' lang='lat' dir='ltr'><strong>Nobis,</strong></span> <span class='ocrx_word' id='word_1_157' title='bbox 643 2837 705 2899; x_wconf 87' lang='lat' dir='ltr'><strong>quo</strong></span> <span class='ocrx_word' id='word_1_158' title='bbox 718 2820 816 2899; x_wconf 82' lang='lat' dir='ltr'><strong>maJ&#39;or</strong></span> <span class='ocrx_word' id='word_1_159' title='bbox 836 2826 882 2881; x_wconf 92' lang='lat' dir='ltr'><strong>est</strong></span> <span class='ocrx_word' id='word_1_160' title='bbox 900 2819 1041 2881; x_wconf 89' lang='lat' dir='ltr'><strong>laborum</strong></span> <span class='ocrx_word' id='word_1_161' title='bbox 1056 2837 1091 2879; x_wconf 85' lang='lat' dir='ltr'><strong>ac</strong></span> <span class='ocrx_word' id='word_1_162' title='bbox 1111 2817 1281 2878; x_wconf 89' lang='lat' dir='ltr'><strong>studiorum</strong></span> <span class='ocrx_word' id='word_1_163' title='bbox 1301 2823 1470 2879; x_wconf 87' lang='lat' dir='ltr'><strong>vestrorum</strong></span> 
     </span>
     <span class='ocr_line' id='line_1_23' title="bbox 317 2915 1468 2999; baseline 0 -24"><span class='ocrx_word' id='word_1_164' title='bbox 317 2916 399 2995; x_wconf 91' lang='lat' dir='ltr'><strong>apud</strong></span> <span class='ocrx_word' id='word_1_165' title='bbox 421 2918 482 2978; x_wconf 92' lang='lat' dir='ltr'><strong>Nos</strong></span> <span class='ocrx_word' id='word_1_166' title='bbox 503 2916 696 2979; x_wconf 75' lang='lat' dir='ltr'><strong>existimatio.</strong></span> <span class='ocrx_word' id='word_1_167' title='bbox 724 2919 784 2980; x_wconf 89' lang='lat' dir='ltr'><strong>Nos</strong></span> <span class='ocrx_word' id='word_1_168' title='bbox 809 2937 880 2980; x_wconf 89' lang='lat' dir='ltr'><strong>sane</strong></span> <span class='ocrx_word' id='word_1_169' title='bbox 906 2936 1024 2999; x_wconf 88' lang='lat' dir='ltr'><strong>semper</strong></span> <span class='ocrx_word' id='word_1_170' title='bbox 1048 2916 1169 2999; x_wconf 90' lang='lat' dir='ltr'><strong>plurimi</strong></span> <span class='ocrx_word' id='word_1_171' title='bbox 1190 2915 1317 2978; x_wconf 86' lang='lat' dir='ltr'><strong>lecimus</strong></span> <span class='ocrx_word' id='word_1_172' title='bbox 1337 2915 1468 2990; x_wconf 84' lang='lat' dir='ltr'><strong>litteras,</strong></span> 
     </span>
     <span class='ocr_line' id='line_1_24' title="bbox 317 3008 1470 3099; baseline -0.002 -24"><span class='ocrx_word' id='word_1_173' title='bbox 317 3033 352 3096; x_wconf 85' lang='lat' dir='ltr'><strong>ac</strong></span> <span class='ocrx_word' id='word_1_174' title='bbox 372 3017 530 3094; x_wconf 76' lang='lat' dir='ltr'><strong>praeclaras</strong></span> <span class='ocrx_word' id='word_1_175' title='bbox 545 3023 641 3094; x_wconf 88' lang='lat' dir='ltr'><strong>artes,</strong></span> <span class='ocrx_word' id='word_1_176' title='bbox 664 3015 702 3077; x_wconf 85' lang='lat' dir='ltr'><strong>ad</strong></span> <span class='ocrx_word' id='word_1_177' title='bbox 723 3037 799 3099; x_wconf 87' lang='lat' dir='ltr'><strong>quas</strong></span> <span class='ocrx_word' id='word_1_178' title='bbox 812 3008 871 3079; x_wconf 73' lang='lat' dir='ltr'><strong>¹vos</strong></span> <span class='ocrx_word' id='word_1_179' title='bbox 883 3017 982 3079; x_wconf 90' lang='lat' dir='ltr'><strong>isthac</strong></span> <span class='ocrx_word' id='word_1_180' title='bbox 995 3015 1164 3078; x_wconf 89' lang='lat' dir='ltr'><strong>edocendas</strong></span> <span class='ocrx_word' id='word_1_181' title='bbox 1178 3015 1274 3076; x_wconf 86' lang='lat' dir='ltr'><strong>multa</strong></span> <span class='ocrx_word' id='word_1_182' title='bbox 1288 3031 1359 3075; x_wconf 88' lang='lat' dir='ltr'><strong>curn</strong></span> <span class='ocrx_word' id='word_1_183' title='bbox 1380 3013 1470 3075; x_wconf 84' lang='lat' dir='ltr'><strong>laude</strong></span> 
     </span>
     <span class='ocr_line' id='line_1_25' title="bbox 316 3112 1469 3197; baseline 0.001 -25"><span class='ocrx_word' id='word_1_184' title='bbox 316 3112 505 3190; x_wconf 81' lang='lat' dir='ltr'><strong>incumbitis,</strong></span> <span class='ocrx_word' id='word_1_185' title='bbox 521 3130 632 3194; x_wconf 84' lang='lat' dir='ltr'><strong>easque</strong></span> <span class='ocrx_word' id='word_1_186' title='bbox 653 3116 784 3176; x_wconf 86' lang='lat' dir='ltr'><strong>maxime</strong></span> <span class='ocrx_word' id='word_1_187' title='bbox 798 3116 935 3177; x_wconf 85' lang='lat' dir='ltr'><strong>conferre</strong></span> <span class='ocrx_word' id='word_1_188' title='bbox 956 3134 1046 3197; x_wconf 89' lang='lat' dir='ltr'><strong>posse</strong></span> <span class='ocrx_word' id='word_1_189' title='bbox 1067 3115 1106 3176; x_wconf 87' lang='lat' dir='ltr'><strong>ad</strong></span> <span class='ocrx_word' id='word_1_190' title='bbox 1121 3131 1276 3177; x_wconf 90' lang='lat' dir='ltr'><strong>sacrarum</strong></span> <span class='ocrx_word' id='word_1_191' title='bbox 1297 3130 1400 3174; x_wconf 90' lang='lat' dir='ltr'><strong>rerum</strong></span> <span class='ocrx_word' id='word_1_192' title='bbox 1423 3115 1469 3174; x_wconf 89' lang='lat' dir='ltr'><strong>vel</strong></span> 
     </span>
     <span class='ocr_line' id='line_1_26' title="bbox 316 3207 1471 3292; baseline 0.003 -25"><span class='ocrx_word' id='word_1_193' title='bbox 316 3207 452 3269; x_wconf 86' lang='lat' dir='ltr'><strong>ornanda</strong></span> <span class='ocrx_word' id='word_1_194' title='bbox 465 3207 511 3267; x_wconf 89' lang='lat' dir='ltr'><strong>vel</strong></span> <span class='ocrx_word' id='word_1_195' title='bbox 531 3209 742 3289; x_wconf 84' lang='lat' dir='ltr'><strong>amplificanda</strong></span> <span class='ocrx_word' id='word_1_196' title='bbox 760 3209 858 3270; x_wconf 87' lang='lat' dir='ltr'><strong>studia</strong></span> <span class='ocrx_word' id='word_1_197' title='bbox 869 3211 937 3287; x_wconf 88' lang='lat' dir='ltr'><strong>jure</strong></span> <span class='ocrx_word' id='word_1_198' title='bbox 951 3229 1121 3272; x_wconf 80' lang='lat' dir='ltr'><strong>censemus</strong></span> <span class='ocrx_word' id='word_1_199' title='bbox 1143 3215 1188 3272; x_wconf 88' lang='lat' dir='ltr'><strong>Ex</strong></span> <span class='ocrx_word' id='word_1_200' title='bbox 1207 3229 1267 3292; x_wconf 87' lang='lat' dir='ltr'><strong>quo</strong></span> <span class='ocrx_word' id='word_1_201' title='bbox 1283 3208 1398 3288; x_wconf 88' lang='lat' dir='ltr'><strong>judicio</strong></span> <span class='ocrx_word' id='word_1_202' title='bbox 1415 3229 1471 3271; x_wconf 90' lang='lat' dir='ltr'><strong>vos</strong></span> 
     </span>
     <span class='ocr_line' id='line_1_27' title="bbox 315 3302 1470 3387; baseline 0.003 -25"><span class='ocrx_word' id='word_1_203' title='bbox 315 3302 403 3364; x_wconf 80' lang='lat' dir='ltr'><strong>facile</strong></span> <span class='ocrx_word' id='word_1_204' title='bbox 418 3302 602 3384; x_wconf 89' lang='lat' dir='ltr'><strong>perspicitis,</strong></span> <span class='ocrx_word' id='word_1_205' title='bbox 621 3310 715 3384; x_wconf 87' lang='lat' dir='ltr'><strong>quarn</strong></span> <span class='ocrx_word' id='word_1_206' title='bbox 733 3305 827 3366; x_wconf 88' lang='lat' dir='ltr'><strong>simus</strong></span> <span class='ocrx_word' id='word_1_207' title='bbox 836 3306 867 3367; x_wconf 93' lang='lat' dir='ltr'><strong>in</strong></span> <span class='ocrx_word' id='word_1_208' title='bbox 885 3311 1000 3368; x_wconf 87' lang='lat' dir='ltr'><strong>vestras</strong></span> <span class='ocrx_word' id='word_1_209' title='bbox 1015 3312 1096 3369; x_wconf 84' lang='lat' dir='ltr'><strong>artes</strong></span> <span class='ocrx_word' id='word_1_210' title='bbox 1108 3307 1250 3385; x_wconf 87' lang='lat' dir='ltr'><strong>animati;</strong></span> <span class='ocrx_word' id='word_1_211' title='bbox 1266 3305 1375 3387; x_wconf 90' lang='lat' dir='ltr'><strong>quibus</strong></span> <span class='ocrx_word' id='word_1_212' title='bbox 1387 3325 1470 3367; x_wconf 91' lang='lat' dir='ltr'><strong>nun-</strong></span> 
     </span>
     <span class='ocr_line' id='line_1_28' title="bbox 316 3401 1469 3486; baseline 0.003 -25"><span class='ocrx_word' id='word_1_213' title='bbox 316 3420 408 3481; x_wconf 90' lang='lat' dir='ltr'><strong>quam</strong></span> <span class='ocrx_word' id='word_1_214' title='bbox 423 3421 441 3462; x_wconf 84' lang='lat' dir='ltr'><strong>a</strong></span> <span class='ocrx_word' id='word_1_215' title='bbox 455 3401 547 3461; x_wconf 89' lang='lat' dir='ltr'><strong>Nobis</strong></span> <span class='ocrx_word' id='word_1_216' title='bbox 559 3409 590 3463; x_wconf 92' lang='lat' dir='ltr'><strong>et</strong></span> <span class='ocrx_word' id='word_1_217' title='bbox 603 3401 717 3465; x_wconf 74' lang='lat' dir='ltr'><strong>meritae</strong></span> <span class='ocrx_word' id='word_1_218' title='bbox 729 3401 850 3479; x_wconf 89' lang='lat' dir='ltr'><strong>laudes,</strong></span> <span class='ocrx_word' id='word_1_219' title='bbox 866 3408 898 3464; x_wconf 89' lang='lat' dir='ltr'><strong>et</strong></span> <span class='ocrx_word' id='word_1_220' title='bbox 910 3403 940 3464; x_wconf 87' lang='lat' dir='ltr'><strong>si</strong></span> <span class='ocrx_word' id='word_1_221' title='bbox 949 3422 1026 3485; x_wconf 92' lang='lat' dir='ltr'><strong>opus</strong></span> <span class='ocrx_word' id='word_1_222' title='bbox 1039 3404 1092 3482; x_wconf 87' lang='lat' dir='ltr'><strong>sit,</strong></span> <span class='ocrx_word' id='word_1_223' title='bbox 1105 3405 1245 3486; x_wconf 86' lang='lat' dir='ltr'><strong>praesidia</strong></span> <span class='ocrx_word' id='word_1_224' title='bbox 1258 3410 1288 3466; x_wconf 90' lang='lat' dir='ltr'><strong>et</strong></span> <span class='ocrx_word' id='word_1_225' title='bbox 1300 3403 1469 3484; x_wconf 86' lang='lat' dir='ltr'><strong>patrocinia</strong></span> 
     </span>
     <span class='ocr_line' id='line_1_29' title="bbox 316 3499 1468 3583; baseline 0.002 -23"><span class='ocrx_word' id='word_1_226' title='bbox 316 3507 386 3560; x_wconf 91' lang='lat' dir='ltr'><strong>sunt</strong></span> <span class='ocrx_word' id='word_1_227' title='bbox 404 3499 554 3560; x_wconf 86' lang='lat' dir='ltr'><strong>defutura.</strong></span> <span class='ocrx_word' id='word_1_228' title='bbox 576 3500 692 3559; x_wconf 86' lang='lat' dir='ltr'><strong>Interea</strong></span> <span class='ocrx_word' id='word_1_229' title='bbox 703 3518 756 3560; x_wconf 92' lang='lat' dir='ltr'><strong>vos</strong></span> <span class='ocrx_word' id='word_1_230' title='bbox 765 3544 774 3577; x_wconf 93' lang='lat'><strong>,</strong></span> <span class='ocrx_word' id='word_1_231' title='bbox 789 3500 839 3581; x_wconf 86' lang='lat' dir='ltr'><strong>qui</strong></span> <span class='ocrx_word' id='word_1_232' title='bbox 855 3507 919 3562; x_wconf 88' lang='lat' dir='ltr'><strong>tarn</strong></span> <span class='ocrx_word' id='word_1_233' title='bbox 935 3507 1071 3563; x_wconf 88' lang='lat' dir='ltr'><strong>amanter</strong></span> <span class='ocrx_word' id='word_1_234' title='bbox 1083 3501 1192 3583; x_wconf 91' lang='lat' dir='ltr'><strong>pieque</strong></span> <span class='ocrx_word' id='word_1_235' title='bbox 1206 3508 1320 3565; x_wconf 89' lang='lat' dir='ltr'><strong>vestras</strong></span> <span class='ocrx_word' id='word_1_236' title='bbox 1333 3501 1468 3583; x_wconf 89' lang='lat' dir='ltr'><strong>obsequii</strong></span> 
     </span>
     <span class='ocr_line' id='line_1_30' title="bbox 315 3595 1469 3680; baseline 0.003 -23"><span class='ocrx_word' id='word_1_237' title='bbox 315 3601 417 3676; x_wconf 86' lang='lat' dir='ltr'><strong>partes</strong></span> <span class='ocrx_word' id='word_1_238' title='bbox 430 3596 594 3657; x_wconf 90' lang='lat' dir='ltr'><strong>Nobiscum</strong></span> <span class='ocrx_word' id='word_1_239' title='bbox 608 3595 780 3676; x_wconf 82' lang='lat' dir='ltr'><strong>peregistis,</strong></span> <span class='ocrx_word' id='word_1_240' title='bbox 795 3596 865 3660; x_wconf 89' lang='lat' dir='ltr'><strong>date</strong></span> <span class='ocrx_word' id='word_1_241' title='bbox 876 3617 1020 3679; x_wconf 90' lang='lat' dir='ltr'><strong>operam,</strong></span> <span class='ocrx_word' id='word_1_242' title='bbox 1040 3606 1073 3660; x_wconf 91' lang='lat' dir='ltr'><strong>ut</strong></span> <span class='ocrx_word' id='word_1_243' title='bbox 1087 3601 1209 3661; x_wconf 89' lang='lat' dir='ltr'><strong>easdem</strong></span> <span class='ocrx_word' id='word_1_244' title='bbox 1224 3600 1316 3662; x_wconf 88' lang='lat' dir='ltr'><strong>etiam</strong></span> <span class='ocrx_word' id='word_1_245' title='bbox 1329 3599 1469 3680; x_wconf 89' lang='lat' dir='ltr'><strong>precibus</strong></span> 
     </span>
     <span class='ocr_line' id='line_1_31' title="bbox 315 3693 1469 3774; baseline 0.003 -20"><span class='ocrx_word' id='word_1_246' title='bbox 315 3693 354 3754; x_wconf 87' lang='lat' dir='ltr'><strong>ud</strong></span> <span class='ocrx_word' id='word_1_247' title='bbox 373 3695 469 3755; x_wconf 86' lang='lat' dir='ltr'><strong>Deum</strong></span> <span class='ocrx_word' id='word_1_248' title='bbox 481 3696 550 3773; x_wconf 88' lang='lat' dir='ltr'><strong>Opt.</strong></span> <span class='ocrx_word' id='word_1_249' title='bbox 566 3695 647 3757; x_wconf 84' lang='lat' dir='ltr'><strong>Max.</strong></span> <span class='ocrx_word' id='word_1_250' title='bbox 665 3713 723 3774; x_wconf 91' lang='lat' dir='ltr'><strong>pro</strong></span> <span class='ocrx_word' id='word_1_251' title='bbox 735 3695 901 3758; x_wconf 91' lang='lat' dir='ltr'><strong>munienda</strong></span> <span class='ocrx_word' id='word_1_252' title='bbox 920 3704 1024 3764; x_wconf 87' lang='lat' dir='ltr'><strong>nostra</strong></span> <span class='ocrx_word' id='word_1_253' title='bbox 1042 3698 1248 3765; x_wconf 83' lang='lat' dir='ltr'><strong>imbecillitate</strong></span> <span class='ocrx_word' id='word_1_254' title='bbox 1268 3697 1345 3760; x_wconf 83' lang='lat' dir='ltr'><strong>lusis</strong></span> <span class='ocrx_word' id='word_1_255' title='bbox 1364 3714 1469 3760; x_wconf 86' lang='lat' dir='ltr'><strong>cumu-</strong></span> 
     </span>
     <span class='ocr_line' id='line_1_32' title="bbox 307 3788 1476 3876; baseline 0.003 -23"><span class='ocrx_word' id='word_1_256' title='bbox 307 3788 392 3854; x_wconf 85' lang='lat' dir='ltr'><strong>letis.</strong></span> <span class='ocrx_word' id='word_1_257' title='bbox 410 3793 553 3855; x_wconf 88' lang='lat' dir='ltr'><strong>Nostrum</strong></span> <span class='ocrx_word' id='word_1_258' title='bbox 564 3812 656 3874; x_wconf 91' lang='lat' dir='ltr'><strong>porro</strong></span> <span class='ocrx_word' id='word_1_259' title='bbox 666 3795 739 3872; x_wconf 89' lang='lat' dir='ltr'><strong>erit,</strong></span> <span class='ocrx_word' id='word_1_260' title='bbox 754 3813 792 3856; x_wconf 91' lang='lat' dir='ltr'><strong>ne</strong></span> <span class='ocrx_word' id='word_1_261' title='bbox 805 3795 968 3874; x_wconf 80' lang='lat' dir='ltr'><strong>pontiliciae</strong></span> <span class='ocrx_word' id='word_1_262' title='bbox 980 3797 1198 3861; x_wconf 86' lang='lat' dir='ltr'><strong>benevolentiae</strong></span> <span class='ocrx_word' id='word_1_263' title='bbox 1207 3797 1324 3859; x_wconf 80' lang='lat' dir='ltr'><strong>tructus</strong></span> <span class='ocrx_word' id='word_1_264' title='bbox 1334 3813 1476 3876; x_wconf 83' lang='lat' dir='ltr'><strong>unquam</strong></span> 
     </span>
     <span class='ocr_line' id='line_1_33' title="bbox 315 3883 1475 3976; baseline 0.002 -23"><span class='ocrx_word' id='word_1_265' title='bbox 315 3909 372 3970; x_wconf 90' lang='lat' dir='ltr'><strong>pro</strong></span> <span class='ocrx_word' id='word_1_266' title='bbox 382 3890 609 3971; x_wconf 84' lang='lat' dir='ltr'><strong>opportunitate</strong></span> <span class='ocrx_word' id='word_1_267' title='bbox 622 3892 734 3955; x_wconf 87' lang='lat' dir='ltr'><strong>avobis</strong></span> <span class='ocrx_word' id='word_1_268' title='bbox 746 3892 995 3972; x_wconf 87' lang='lat' dir='ltr'><strong>desiderarentur,</strong></span> <span class='ocrx_word' id='word_1_269' title='bbox 1012 3890 1042 3956; x_wconf 92' lang='lat' dir='ltr'><strong>in</strong></span> <span class='ocrx_word' id='word_1_270' title='bbox 1054 3883 1258 3976; x_wconf 84' lang='lat' dir='ltr'><strong>cujuspignus</strong></span> <span class='ocrx_word' id='word_1_271' title='bbox 1269 3892 1475 3973; x_wconf 85' lang='lat' dir='ltr'><strong>apostolicam·</strong></span> 
     </span>
     <span class='ocr_line' id='line_1_34' title="bbox 315 3986 1469 4072; baseline 0.003 -24"><span class='ocrx_word' id='word_1_272' title='bbox 315 3986 556 4051; x_wconf 87' lang='lat' dir='ltr'><strong>benedictionem</strong></span> <span class='ocrx_word' id='word_1_273' title='bbox 577 3989 679 4068; x_wconf 90' lang='lat' dir='ltr'><strong>vobis,</strong></span> <span class='ocrx_word' id='word_1_274' title='bbox 706 3990 807 4052; x_wconf 91' lang='lat' dir='ltr'><strong>dilecti</strong></span> <span class='ocrx_word' id='word_1_275' title='bbox 831 3990 895 4068; x_wconf 87' lang='lat' dir='ltr'><strong>filii,</strong></span> <span class='ocrx_word' id='word_1_276' title='bbox 916 3997 1107 4071; x_wconf 87' lang='lat' dir='ltr'><strong>peramanter</strong></span> <span class='ocrx_word' id='word_1_277' title='bbox 1133 3989 1333 4072; x_wconf 89' lang='lat' dir='ltr'><strong>impertimur.</strong></span> <span class='ocrx_word' id='word_1_278' title='bbox 1356 3991 1469 4053; x_wconf 84' lang='lat' dir='ltr'><strong>Datum</strong></span> 
     </span>
     <span class='ocr_line' id='line_1_35' title="bbox 316 4083 1336 4166; baseline 0.003 -22"><span class='ocrx_word' id='word_1_279' title='bbox 316 4083 428 4157; x_wconf 81' lang='lat' dir='ltr'><strong>Romu,</strong></span> <span class='ocrx_word' id='word_1_280' title='bbox 443 4091 515 4162; x_wconf 74' lang='lat' dir='ltr'><strong>cta,-</strong></span> <span class='ocrx_word' id='word_1_281' title='bbox 530 4093 566 4147; x_wconf 81' lang='lat'><strong>16</strong></span> <span class='ocrx_word' id='word_1_282' title='bbox 581 4091 703 4165; x_wconf 74' lang='lat' dir='ltr'><strong>aequata·</strong></span> <span class='ocrx_word' id='word_1_283' title='bbox 720 4091 1120 4164; x_wconf 73' lang='lat' dir='ltr'><strong>true,pcattstcutuancstri</strong></span> <span class='ocrx_word' id='word_1_284' title='bbox 1134 4107 1213 4156; x_wconf 79' lang='lat' dir='ltr'><strong>anuo</strong></span> <span class='ocrx_word' id='word_1_285' title='bbox 1225 4091 1336 4166; x_wconf 79' lang='lat' dir='ltr'><strong>primo.</strong></span> 
     </span>
    </p>
   </div>
   <div class='ocr_carea' id='block_1_12' title="bbox 0 0 1598 5414">
    <p class='ocr_par' dir='ltr' id='par_1_12' title="bbox 0 0 1598 5414">
     <span class='ocr_line' id='line_1_36' title="bbox 0 0 1598 5414; baseline 0 2"><span class='ocrx_word' id='word_1_286' title='bbox 0 0 1598 5414; x_wconf 95' lang='lat' dir='ltr'><strong> </strong></span> 
     </span>
    </p>
   </div>
  </div>
 </body>
</html>
