3188 5414
226 493 279 558 llll
505 498 508 505 ’
653 503 855 559 etutrnu'rts
873 502 939 559 xlv
1040 548 1044 555 .
1078 548 1081 555 .

224 610 347 689 Regiam
372 596 556 686 Maiestatem
570 609 668 670 Tuam
691 609 860 690 aequissimo
882 608 959 669 serre
986 607 1087 669 auimo
1109 605 1194 682 salit,
1216 613 1249 669 ut
1267 610 1376 673 ninnia

224 726 292 788 quae
307 702 499 786 adjudicium
515 725 612 771 causae
623 707 702 769 illius
720 727 775 788 pro
790 706 1033 788 opportunitate,
1053 725 1089 767 ae
1103 705 1247 786 equitur
1260 706 1377 769 iacien-

222 806 297 867 dum
315 793 463 886 pertinere
477 813 619 886 possunt,
647 806 687 866 ab
707 813 834 887 utraque
848 814 933 886 parte
949 805 989 866 ed
1011 812 1147 867 nostram
1164 803 1376 883 cognitionem

222 900 406 977 delerentur,
428 902 464 964 iis
476 902 557 964 euim
583 903 614 964 iu
632 920 757 966 examen
779 903 931 979 adductis,
949 921 986 964 ac
1002 902 1061 963 rite
1081 901 1236 983 perperim
1248 901 1376 965 certiori

222 1000 370 1062 sententia
383 991 447 1067 rem
462 1001 541 1066 bane
558 1001 597 1062 ad
617 1002 730 1068 exitum
741 1003 935 1084 perducere,
951 1005 1012 1064 Deo
1021 1003 1147 1081 jurante
1156 1046 1165 1078 ,
1186 1000 1372 1064 valebimus.

221 1099 311 1160 Hisce
331 1098 470 1160 omnibus
490 1098 733 1176 tibi,can'ssi1ua
759 1100 788 1162 in
809 1100 928 1162 Christo
947 1101 1139 1174 tilianostra‚
1161 1118 1230 1188 que
1250 1099 1374 1179 primo,

220 1214 291 1277 qun
300 1203 519 1276 consequente,
533 1215 600 1288 que
612 1203 766 1279 postremo
776 1205 913 1279 tempora
924 1205 960 1259 ee
973 1196 1011 1258 de
1024 1215 1056 1258 re
1068 1197 1270 1271 sentiremus,
1294 1214 1376 1259 cou-

219 1294 290 1356 dide
304 1294 523 1380 perspicueque
532 1295 598 1375 iem
610 1295 786 1371 declaratis,
809 1313 845 1356 ac
857 1294 1069 1362 tantummodo
1088 1312 1376 1357 nunccommemo

222 1399 291 1455 rato
301 1392 356 1454 tibi
367 1391 466 1462 iiiode
478 1393 609 1462 Focarae
621 1392 770 1473 exemplo,
785 1391 867 1480 qnod
878 1391 972 1460 Nobis
981 1398 1050 1453 ante
1062 1392 1167 1453 oculos
1177 1391 1374 1459 obversetur,

220 1509 257 1550 uc
270 1489 444 1558 inurentem
456 1489 548 1559 etiam
561 1496 703 1550 revocato
716 1496 872 1556 constante
889 1490 984 1570 ipsius
994 1488 1133 1554 Ecclesia
1142 1488 1180 1550 de
1193 1489 1371 1567 huiusmodi

218 1587 309 1648 rebus
314 1584 531 1666 judicio,quod
540 1584 668 1654 celentur
676 1586 1012 1676 confirmaturqueasa.
1022 1605 1115 1651 mem.
1126 1586 1293 1649 Benedictn
1303 1589 1372 1649 xtv

218 1703 282 1746 uon
302 1683 403 1751 minus
423 1683 502 1759 zelo,
525 1700 616 1775 quam
637 1682 774 1745 doctrina
795 1691 953 1764 prestante
972 1683 1191 1765 predecessore
1211 1691 1318 1746 nostro
1342 1685 1373 1745 in

216 1801 276 1845 stro
299 1783 350 1845 illo
364 1782 509 1864 pmclaro
530 1800 620 1862 opere
639 1782 678 1844 de
702 1782 824 1865 Synodo
844 1782 1014 1852 dioeoosane
1036 1782 1089 1843 tin.
1113 1784 1155 1858 ll,
1177 1783 1251 1862 Cep.
1278 1784 1334 1843 xli
1356 1804 1375 1843 a

217 1882 338 1958 §IV-ad
357 1885 374 1958 S
391 1882 470 1953 Vlll,
492 1880 650 1962 Reliquum
669 1883 734 1959 jam
748 1892 812 1958 est,
836 1889 870 1950 ut
889 1901 927 1942 ex
946 1880 1038 1950 Nobis
1056 1880 1204 1960 intelligas
1217 1881 1280 1943 Nos
1292 1899 1373 1957 esse,

217 1980 291 2061 quid
303 1998 431 2050 sensura
444 1985 598 2059 postremo
609 1977 648 2040 de
658 1984 722 2045 tota
742 1999 774 2041 re
792 1978 1009 2048 Muukecsiensi
1029 1977 1095 2058 ipsa
1116 1979 1173 2055 sis,
1194 1985 1260 2040 ate
1280 1979 1373 2060 cupi-

217 2079 340 2141 dissime
347 2083 569 2158 expectaturus,
581 2078 697 2147 Interea
704 2076 843 2157 precibus
856 2076 894 2138 ad
909 2075 1121 2140 Deumnostris
1133 2094 1189 2156 pro
1203 2077 1374 2154 Maiestatis

218 2181 308 2252 Ture,
328 2176 482 2256 totiusque
505 2176 647 2259 Auguste
669 2177 782 2242 Domrrs
802 2174 943 2245 felicitate
960 2174 1170 2257 conjungimus
1195 2175 1376 2254 apostoticae

218 2273 434 2346 benedictionis
456 2273 738 2350 salutaremus,
760 2273 1086 2352 quodibi‚ca1·issima
1107 2274 1150 2344 tin
1173 2273 1292 2337 Christo
1307 2276 1373 2338 filia

217 2379 332 2455 nostra,
357 2371 465 2458 intimo
487 2369 604 2451 paterni
623 2369 722 2443 cordis
742 2389 848 2448 seusu,
865 2372 1068 2438 amantissime
1082 2373 1285 2454 impertimur.
1306 2377 1371 2437 Du-

218 2481 280 2534 tcm
296 2478 330 2533 in
351 2472 428 2533 Arce
453 2469 630 2547 Gundulplrt
644 2470 825 2536 Albonenst's
846 2471 980 2531 diocesis
997 2473 1050 2531 snb
1070 2475 1184 2534 counio
1199 2475 1371 2534 Piscatores·

218 2573 269 2631 dte
289 2581 321 2629 to
332 2570 458 2637 octobris
473 2580 562 2644 titt),
573 2571 766 2646 pontificatus
781 2574 877 2630 nostri
890 2587 971 2650 pune
984 2573 1124 2635 acritudo.
1166 2597 1168 2601 v

756 2803 836 2872 CVl.

630 2963 821 3019 iuuentute!
845 2961 956 3003 euertit

216 3070 382 3135 rosmuo
403 3044 529 3131 rmuo
543 3051 801 3130 PATRIARCHAE
815 3068 1063 3128 mrroeuuuo
1076 3067 1375 3134 unuourrruuu

528 3190 762 3276 CLEMENS
788 3193 916 3281 PAPA
945 3190 1054 3268 XIV.

815 3358 843 3416 lu
855 3359 915 3413 brec
929 3355 1079 3428 Geudutpiri,
1094 3360 1120 3411 ιο
1132 3352 1237 3410 octobris
1253 3356 1325 3403 tile.
1363 3394 1366 3399 .

262 3445 458 3514 Venerabilis,
481 3452 539 3505 etc,
554 3445 597 3518 Er
617 3446 822 3524 gratulationis
838 3455 896 3508 tuae
916 3446 1017 3508 officio
1032 3448 1219 3526 multa‘erga
1242 3455 1376 3527 aposto-

217 3545 306 3608 licam
320 3543 399 3605 bauc
412 3542 519 3609 Sedcm
533 3541 736 3622 observantie,
755 3553 786 3607 et
806 3565 877 3637 erga
898 3548 960 3608 Nos
979 3547 1090 3628 pietate
1105 3547 1260 3608 cumulato
1274 3551 1375 3628 perli-

217 3643 321 3703 benter
332 3640 534 3725 agnoscimus,
548 3639 598 3720 qui
610 3646 681 3703 tuus
699 3641 737 3702 sit
755 3642 784 3703 in
797 3643 961 3704 Ecclesiam
976 3643 1110 3718 enimus,
1123 3661 1277 3723 quamque
1290 3661 1375 3707 con-

217 3746 359 3823 sentanca
372 3737 514 3825 pastorali
528 3737 646 3798 muner-i
660 3746 775 3819 tumque
791 3758 926 3820 persone
938 3785 945 3816 ,
958 3758 1051 3820 quam
1063 3739 1144 3827 geris
1154 3785 1162 3816 ‚
1173 3738 1286 3801 studia.
1297 3741 1377 3813 Quas

215 3841 338 3923 qtridem
353 3844 539 3918 opportuna,
555 3857 591 3900 ao
604 3835 724 3918 publice
735 3837 826 3911 etiam
838 3838 922 3905 utilia
936 3838 1031 3918 uragis
1044 3857 1109 3903 esse
1131 3855 1191 3899 nou
1210 3842 1372 3916 potermrt,

216 3934 307 4023 quam
328 3937 352 4001 si
373 3936 497 4012 eedem,
516 3930 550 3997 u't
570 3955 640 3998 enm
656 3934 793 3997 universa
814 3943 867 3996 tua
886 3935 980 3996 Nobis
999 3935 1108 4003 dilecta
1127 3934 1249 4002 natione
1272 3934 1373 4012 iacis,

215 4036 309 4097 enixis
324 4032 463 4115 precibus
477 4032 516 4092 ed
528 4030 801 4101 misericordiarum
809 4033 929 4103 Patrem
939 4050 995 4112 pro
1007 4039 1110 4093 uestra
1123 4029 1287 4093 munienda
1304 4031 1373 4097 im-

217 4133 377 4200 becillitate
389 4129 506 4192 assidue
513 4128 588 4199 lusis
596 4130 736 4210 prosequi
746 4147 807 4190 non
818 4129 1007 4202 intermittas,
1026 4132 1087 4192 Nos
1099 4120 1370 4208 enimbujusmodi

217 4247 273 4308 ope
284 4236 381 4300 uestra
393 4227 572 4307 indigemus,
584 4245 712 4307 eamque
725 4225 851 4307 proinde
863 4235 976 4307 quanta
987 4229 1079 4291 animi
1091 4229 1284 4290 contentione
1296 4249 1371 4310 pos-

212 4343 321 4409 sumus
336 4324 447 4397 avobis
461 4322 613 4404 poscimus
626 4341 662 4384 ac
675 4322 860 4402 tlagitamus3
878 4323 919 4384 ita
932 4325 1013 4386 enim
1027 4323 1183 4404 probaturi
1197 4322 1379 4392 luculenter

217 4421 315 4495 eritis,
340 4422 490 4502 Nobisque
515 4419 688 4490 clarissimis
713 4418 828 4480 iudiciis
844 4421 1049 4489 confirmaturi
1075 4420 1371 4502 pristinamuestree

218 4519 331 4596 Gentis,
345 4537 379 4580 ac
391 4539 519 4605 semper,
536 4526 568 4580 ut
581 4519 694 4594 scribis,
711 4517 947 4580 addictissimem
956 4519 1038 4580 Beati
1055 4521 1135 4582 Petri
1149 4518 1303 4583 Cutbedrrr
1317 4539 1370 4582 ro·
