3188 5414
328 470 363 519 ld
760 464 962 519 CLEMENTlS
982 466 1047 518 xlv

329 587 364 628 ae
379 568 534 643 ostendas,
556 567 604 626 cui
625 567 697 626 certi
719 584 823 628 sumus
845 566 925 627 idem
950 568 1012 628 iore
1027 569 1278 647 acceptissimum.
1302 570 1387 642 Quod
1402 571 1475 630 dum

328 665 418 725 iacies
438 663 536 724 eidem
557 663 710 724 carissimo
733 663 763 724 in
783 663 899 724 Christo
913 664 975 725 lilio
993 671 1096 726 nostro
1115 651 1311 744 apostolicam
1332 666 1476 728 benedic-

328 760 440 819 tionem
463 758 602 835 aNobis,
624 776 716 837 quam
733 776 804 818 cum
828 759 1002 821 ardentibus
1016 779 1051 822 ac
1065 778 1220 841 nunquam
1244 762 1420 824 intermissis
1438 765 1476 824 de

328 855 419 934 ipsius
432 861 462 915 et
482 855 570 934 regite
582 854 676 916 totius
696 853 816 916 familiae
832 856 927 917 salute
943 875 978 917 ac
992 857 1133 919 felicitate
1153 859 1230 919 votis
1244 860 1475 939 conjungimus,

327 954 531 1017 amantissime
551 955 741 1037 impertieris.
757 956 861 1016 Cetera
885 976 950 1037 qua
972 956 1030 1019 bac
1053 957 1083 1018 in
1098 975 1190 1018 causa
1211 966 1390 1038 supersunt,
1412 958 1477 1019 lore

326 1052 419 1131 μὴ»
433 1072 471 1116 ex
489 1061 593 1116 nostra
606 1055 754 1117 sententia
769 1053 869 1116 facilia
886 1072 996 1135 nempe
1008 1073 1044 1116 ae
1063 1053 1202 1135 expedita
1214 1072 1381 1134 speramus.
1396 1057 1477 1117 Nos-

326 1157 404 1210 tram
418 1157 501 1212 certe
511 1151 660 1215 insulem
672 1170 764 1213 causa
775 1170 910 1232 operam,
926 1151 1111 1241 diligentiam
1121 1171 1156 1213 ac
1168 1153 1301 1213 studium
1313 1152 1473 1213 desiderari

326 1267 343 1306 a
356 1265 510 1328 quoquam
526 1267 615 1328 posse
633 1267 789 1329 nunquam
807 1250 967 1330 patiemur.
987 1249 1146 1328 Reliquum
1164 1256 1224 1326 est,
1241 1256 1274 1310 ut
1287 1248 1354 1325 tibi,
1368 1248 1475 1310 dilecte

325 1345 377 1422 fili,
396 1347 542 1424 majorem
561 1346 590 1406 in
610 1346 736 1407 modum
754 1347 935 1427 persuadeas
952 1347 1026 1408 nihil
1044 1349 1105 1409 Nos
1125 1347 1222 1426 magis
1236 1364 1363 1426 cupere,
1383 1366 1476 1425 quam

325 1447 358 1500 ut
372 1459 450 1502 nova
465 1439 558 1500 Nobis
570 1458 689 1520 semper
703 1447 866 1520 suppetant
880 1449 1072 1520 argumenta,
1087 1442 1197 1522 quibus
1212 1442 1266 1503 tibi
1279 1442 1476 1503 luculentissi-
1514 1451 1517 1455 '

324 1557 408 1598 mum
426 1544 563 1598 nostrum
579 1538 608 1597 in
623 1545 653 1599 te
668 1538 803 1598 animum
815 1539 910 1618 magis
924 1538 1031 1601 indies
1045 1549 1188 1605 testtbrm
1206 1541 1365 1605 faciamus.
1381 1546 1426 1604 Ac
1444 1545 1474 1604 in

323 1633 481 1711 singularis
493 1633 653 1713 pontificia
666 1633 799 1697 caritatis
813 1633 922 1715 pignus
935 1637 1132 1716 apostolicam
1145 1638 1387 1705 benedictionem
1401 1641 1453 1701 tibi
1467 1688 1474 1715 ,

323 1729 430 1791 dilecte
440 1730 481 1791 tili
488 1774 498 1808 ,
512 1736 703 1811 peramanter
712 1731 912 1812 impertimur.
925 1733 1036 1796 aarum
1049 1737 1161 1807 Romae,
1171 1744 1241 1807 etc.¹
1254 1738 1305 1799 dte
1317 1749 1351 1801 tt
1363 1739 1476 1799 decem-

324 1828 383 1886 bris
404 1839 490 1904 1709,
504 1831 698 1907 pontificatus
711 1832 807 1887 nostri
820 1846 898 1891 anno
909 1833 1020 1904 primo.

808 1944 991 1960 Ut——fi-n-

841 2038 953 2111 XLIV.

789 2194 923 2235 nrnro‘ro
947 2191 1031 2236 rimo

455 2295 638 2355 GABRIELI
664 2297 867 2369 GAUCHAR,
902 2294 1097 2359 CANONICO
1127 2293 1344 2367 cluniensi,

633 2407 868 2486 CLEMENS
895 2411 1025 2487 PAPA
1052 2407 1159 2487 XIV.

1034 2565 1128 2623 Romae,
1141 2567 1170 2611 no
1181 2561 1314 2611 decembris
1329 2565 1395 2610 1769.

360 2672 489 2743 Dilecto,
508 2678 566 2731 etc.
581 2670 703 2732 Nullum
718 2672 870 2751 acceptius
885 2689 950 2733 csse
967 2669 1059 2732 Nobis
1072 2688 1089 2730 a
1109 2675 1139 2730 te
1153 2674 1267 2749 potest,
1285 2685 1377 2748 quam
1392 2668 1474 2746 quod

322 2768 454 2851 appellas
468 2776 611 2830 tuaecum
625 2765 793 2847 religionis,
807 2774 872 2828 tnm
888 2785 958 2848 erga
970 2767 1000 2827 S.
1023 2764 1132 2827 Sedem
1147 2764 1341 2826 observantiae
1365 2781 1399 2822 ac
1417 2762 1475 2824 de-

319 2865 449 2929 notionis
469 2870 716 2945 monumentum,
740 2863 781 2926 illi
803 2864 916 2926 scilieet
931 2863 1000 2925 libri
1020 2865 1081 2941 tui,
1104 2862 1214 2944 quibus
1237 2867 1342 2922 contra
1364 2858 1473 2920 falsam
1583 2898 1584 2901 ,

320 2962 544 3046 philosophiam
568 2961 671 3043 utique
685 2978 765 3022 nunc
783 2967 970 3042 grassantem
992 2959 1218 3022 conscribendis
1236 2957 1340 3038 viginti
1353 2962 1384 3017 et
1404 2973 1474 3017 am-

319 3059 399 3141 plius
414 3079 508 3121 annos
522 3060 650 3132 versaris
671 3065 817 3139 tuumque
836 3059 970 3120 animnm
991 3059 1092 3121 studio
1104 3056 1237 3119 veritatis
1249 3064 1427 3129 accensum,
1443 3061 1473 3114 et

320 3156 459 3218 doctrina
472 3164 618 3238 tanquam
640 3155 827 3217 solidissimis
847 3159 1031 3238 argumentis
1044 3159 1224 3220 instructum
1238 3153 1317 3214 illius
1338 3151 1473 3214 andaciae

320 3272 355 3314 ae
370 3253 530 3314 temeritati
544 3252 683 3333 opponis.
695 3253 738 3314 Ea
752 3251 886 3315 nondum
897 3253 933 3315 ad
948 3255 1010 3315 Nos
1020 3253 1136 3334 perlata
1146 3256 1215 3311 sunt
1226 3247 1391 3327 volumina,
1402 3265 1473 3327 quae

216 3388 221 3402 ι
320 3349 455 3428 quidem,
470 3349 494 3410 si
512 3347 684 3428 quidnobis
699 3346 729 3406 in
743 3353 827 3409 tanta
840 3349 1031 3430 negotiorum
1045 3348 1124 3409 mole
1136 3346 1222 3408 vacui
1238 3345 1384 3425 temporis
1397 3346 1470 3424 erit,

321 3448 516 3529 cupidissime
530 3447 729 3527 perlegemuS.
743 3448 859 3509 Interea
871 3447 924 3510 tibi
939 3447 1130 3508 vehementer
1144 3461 1321 3525 persuasum
1334 3459 1398 3503 esse
1414 3461 1471 3503 cu-

318 3547 433 3628 pimus,
453 3543 623 3626 gratissimo
644 3543 747 3605 eadem
765 3561 820 3605 nos
841 3544 941 3606 animo
962 3546 1138 3623 accepturos
1157 3559 1239 3618 esse,
1256 3539 1471 3620 habiturosque

319 3640 746 3726 tamquamloeupletissimos
766 3641 808 3702 tui
832 3640 884 3702 zeli
905 3658 940 3701 ac
953 3639 1108 3727 sapientia
1128 3644 1219 3698 testes
1239 3643 1328 3716 atque
1343 3635 1468 3698 indices.

318 3742 457 3806 Studium
471 3741 572 3820 itaque
585 3738 759 3818 hujusmodi
772 3746 875 3817 tuum,
893 3736 1000 3798 dilecte
1019 3736 1077 3815 iili,
1099 3735 1173 3797 dum
1190 3735 1251 3796 Nos
1271 3732 1418 3809 maj0rem
1440 3733 1469 3792 in

318 3839 444 3901 modum
458 3834 724 3914 commendamus,
745 3841 834 3916 teque
848 3835 1007 3896 hortamur
1018 3834 1126 3912 etiam,
1142 3841 1176 3895 ut
1194 3832 1224 3893 in
1245 3848 1281 3891 eo
1301 3837 1361 3891 tuae
1373 3827 1471 3890 laudis

317 3937 467 3999 curriculo
481 3952 599 4014 semper
614 3933 744 4013 insistas,
758 3952 818 3995 una
829 3932 866 3994 de
877 3939 1004 4013 paterna
1019 3933 1149 4016 plurima
1162 3938 1266 3993 nostra
1281 3929 1406 3991 caritate
1419 3947 1470 3990 se-
1515 3995 1518 4001 ‚

318 4052 426 4096 eurum
437 4051 501 4096 esse
515 4040 545 4092 te
556 4030 714 4109 jubemus,
734 4030 810 4092 acin
827 4030 891 4108 ejus
903 4029 1103 4092 certissimum
1116 4029 1224 4110 pignus
1237 4027 1370 4106 recipere
1385 4042 1471 4104 apos·

318 4131 442 4196 tolicam
462 4127 704 4193 benedictionem
718 4133 821 4209 quate
839 4132 952 4208 tuaque
967 4127 1067 4189 studia
1080 4124 1302 4209 prosequimur,
1318 4139 1469 4202 quamque

318 4233 352 4287 ut
365 4227 470 4291 divinae
488 4225 704 4289 benedictionis
720 4221 874 4308 auspicem
888 4243 925 4285 ex
948 4225 1048 4286 animo
1069 4224 1177 4285 tibiae
1197 4227 1388 4302 peramanter
1408 4220 1470 4280 im-

317 4325 474 4404 pertimur.
497 4328 610 4386 Datum
633 4326 743 4398 Romae,
760 4328 829 4396 etc,
845 4321 895 4381 dte
918 4333 954 4382 20
971 4322 1136 4384 decembris
1158 4329 1251 4399 1769,
1274 4314 1470 4399 ponttsscotus

318 4428 414 4484 nostra·
426 4441 503 4484 anno
513 4427 626 4504 prima.

803 4513 979 4525 n-—u--u
