3188 5414
471 486 652 541 nrrs'rorm
669 487 716 540 nr
734 487 868 541 nnnvm
888 467 1116 543 susurrium.
1314 495 1364 543 rsa

693 701 698 712 ·
717 678 864 751 CCLVll.

632 812 823 881 vanrnsn'rm
847 839 957 879 ruirnr

332 928 534 1016 vosur‘uo
566 945 937 1033 lscnrnrrscoro
973 945 1247 1022 nnnrvnusr,
1306 989 1309 994 .

424 1078 467 1124 hl)
482 1075 674 1129 canlsstttuu
689 1076 723 1124 m
738 1075 874 1126 cflutsro
889 1075 1002 1128 nillum
1017 1075 1165 1123 NOSTRUM

366 1179 561 1228 sranlsunutl
576 1177 746 1227 AUGUSTUM
763 1178 910 1227 POLONIAE
924 1179 1030 1227 undum
1046 1178 1222 1228 lutusrntm

472 1282 594 1331 NOSTRO
609 1281 649 1330 m
664 1281 752 1330 smus
768 1281 971 1330 mosrotlcn:
986 1274 1125 1340 numm,

529 1385 762 1465 CLEMENS
789 1388 918 1463 PAPA
946 1387 1052 1464 XIV.

1003 1540 1102 1599 Roma,
1113 1543 1127 1588 3
1138 1538 1217 1588 martti
1235 1543 1302 1589 1774.

267 1623 462 1712 Venerabilis,
476 1650 533 1706 etc.
549 1645 623 1707 Cum
637 1645 714 1712 inter
732 1663 837 1722 curas,
849 1664 885 1706 ac
899 1644 1127 1723 sollicitudines,
1147 1645 1257 1726 quibus
1271 1647 1368 1708 caris-

218 1739 313 1799 simus
325 1738 355 1799 in
370 1739 486 1800 Christo
502 1740 580 1803 filius
597 1743 700 1804 noster
712 1741 877 1805 Stanislaus
890 1743 1044 1821 Augustus
1057 1741 1186 1806 Poloniae
1198 1745 1260 1804 Rex
1279 1745 1368 1806 lllus-

201 1902 205 1911 ⁸
220 1834 274 1894 tris
294 1852 350 1894 nec
364 1853 425 1895 non
443 1835 559 1915 inclytat
571 1837 752 1918 Reipublicae
772 1838 891 1899 ordines
907 1839 945 1900 ad
962 1845 1076 1901 rectam
1093 1839 1259 1916 juventutis
1280 1841 1368 1900 insti-

221 1930 368 1993 tutionem
382 1932 516 1995 animum
534 1934 708 2013 intendunt,
722 1954 758 1997 ea
775 1935 926 2016 praecipua
945 1936 1001 2013 sit,
1015 1944 1050 1998 ut
1065 1954 1128 2000 nou
1146 1937 1238 1997 modo
1258 1938 1368 2002 schola

221 2028 366 2090 hactenus
380 2029 540 2091 existentes
552 2031 638 2093 novis
652 2031 832 2110 adjumentis
843 2031 1014 2110 fulciantur,
1029 2050 1134 2094 verum
1147 2032 1239 2094 etiam
1252 2032 1290 2095 ad
1299 2052 1368 2095 ma-

219 2128 318 2204 jorem
341 2128 468 2208 publicae
482 2129 525 2191 rei
549 2130 710 2192 utilitatem
727 2130 816 2193 latius
839 2138 1056 2213 propagentur,
1078 2138 1214 2213 exparte
1232 2133 1367 2210 ejusdem

222 2224 361 2287 stanislai
373 2228 499 2307 Augusti
513 2228 619 2308 Regis,
632 2236 664 2290 et
673 2229 879 2292 Octovirorum
887 2229 1036 2308 jnventuti
1051 2228 1237 2291 instituenda
1251 2231 1368 2311 suppli-

220 2331 324 2386 catum
345 2326 438 2388 Nobis
457 2326 531 2405 tuit,
546 2335 579 2390 ut
600 2334 703 2391 nostra
723 2329 816 2391 etiam
835 2328 1015 2390 auctoritate
1037 2327 1179 2389 salutaria
1192 2327 1366 2406 hujusmodi

220 2421 345 2482 consilia
365 2423 460 2500 tueri,
476 2423 572 2504 iisque
589 2443 625 2486 ex
646 2431 733 2506 parte
744 2432 848 2488 nostra
862 2443 969 2507 opem,
990 2444 1026 2488 ac
1045 2443 1171 2488 mamun
1190 2426 1367 2504 adjutricem

222 2521 372 2601 porrigere
388 2523 592 2602 dignaremur.
608 2527 669 2586 Nos
681 2525 791 2605 quihus
803 2524 884 2606 ‚nihil
896 2524 996 2604 potius
1017 2529 1187 2605 cst,*quam
1200 2543 1271 2585 cum
1289 2524 1367 2610 civili

220 2621 312 2682 etiam
325 2621 513 2702 religiosam,
527 2629 558 2684 et
571 2622 751 2685 catholicam
768 2621 932 2701 juventutis
946 2620 1166 2683 institutionem
1178 2620 1289 2701 ubique
1305 2628 1368 2682 ter-

222 2739 326 2782 rarum
341 2739 535 2801 promovere,
557 2728 591 2782 ut
604 2719 712 2782 Christi
733 2719 835 2790 fideles
854 2737 917 2798 quo
938 2717 1035 2796 magis
1058 2717 1202 2796 religiosis
1215 2736 1250 2778 ac
1267 2717 1367 2779 civicis

218 2817 324 2878 officiis
334 2816 482 2893 instructi,
498 2834 536 2877 eo
549 2815 642 2877 etiam
652 2814 786 2876 utiliores
796 2820 862 2874 tum
872 2813 1022 2888 Ecclesia,
1036 2817 1103 2873 tum
1114 2812 1292 2891 Reipublicre
1301 2814 1367 2874 red-

221 2913 342 2988 dantur,
355 2911 549 2992 petitionibus
566 2928 656 2990 super
667 2909 726 2970 hoc
738 2908 832 2970 Nobis
842 2907 988 2988 porrectis
1000 2907 1127 2986 benigne
1138 2906 1272 2968 inclinati
1292 2911 1368 2969 Fra-

219 3008 350 3070 temitati
367 3015 443 3086 tum,
458 3007 577 3088 tuisque
590 3007 623 3068 in
639 3006 740 3067 officio
761 3006 818 3068 isto
832 3004 1052 3067 successoribus
1063 3023 1119 3085 pro
1140 3011 1278 3084 tempore
1291 3005 1369 3068 exis·

218 3105 351 3167 tentibus
370 3105 497 3181 nostris,
521 3111 755 3183 nostrorumque
780 3119 988 3164 successorum
1000 3146 1009 3179 ,
1032 3105 1063 3162 et
1084 3099 1260 3180 Apostolicae
1283 3100 1369 3164 Sedis

219 3198 347 3264 Nuntiis.
356 3202 589 3280 committimus,
604 3208 635 3264 et
645 3201 839 3279 mandamus,
850 3207 883 3262 ut
894 3218 1015 3278 omnes,
1026 3207 1057 3263 et
1070 3200 1203 3279 singulos
1215 3200 1368 3281 religiosos

220 3300 360 3363 ordinum
374 3301 556 3380 regularium
567 3301 768 3382 professores,
787 3318 864 3380 quos
885 3299 923 3360 ad
935 3317 1046 3361 munus
1058 3297 1231 3360 instituendi
1241 3298 1366 3379 pietate,

220 3416 255 3457 ac
276 3397 369 3458 literis
385 3398 576 3476 juventutem
597 3398 738 3475 idoneos,
759 3404 790 3460 et
810 3397 943 3478 aptiores
961 3397 1123 3478 repereris,
1142 3404 1173 3458 et
1188 3397 1368 3476 judicaveris

186 3564 190 3568 Α
222 3493 344 3569 (habito
358 3495 440 3574 prius
454 3514 524 3557 cum
543 3495 747 3576 superioribus
766 3513 872 3556 eorum
890 3496 1122 3576 provincialibus
1142 3496 1283 3574 consilio)
1303 3497 1369 3560 dis*

221 3610 328 3672 penses
341 3592 403 3653 imo
414 3591 553 3671 inducas,
566 3601 599 3656 ut
611 3595 802 3670 scholarum,
814 3592 923 3673 quihus
936 3592 1066 3654 Octoviri
1076 3592 1208 3673 predicti
1223 3611 1275 3653 eos
1288 3613 1369 3673 prm-

221 3689 313 3750 ficere
331 3689 505 3766 intendant,
527 3709 635 3753 curam
652 3691 833 3771 suscipiant,
855 3709 964 3770 easque
985 3691 1152 3770 diligenter,
1179 3709 1214 3752 ac
1232 3691 1368 3771 religioso
1450 3726 1455 3733 ·

182 3780 195 3801 ⁴
220 3793 341 3864 regant;
360 3785 482 3866 proviso
494 3792 613 3863 tamen,
635 3805 674 3848 ne
693 3786 821 3866 religiosi
841 3785 974 3867 predicti
994 3786 1032 3847 ad
1052 3804 1163 3848 munus
1185 3787 1312 3848 docendi
1336 3787 1370 3848 in

221 3882 330 3945 scholis
341 3882 469 3964 puhlicis
481 3882 596 3944 evocati
607 3889 694 3945 extra
712 3884 876 3945 claustrum
887 3882 931 3944 sui
944 3882 1107 3962 respective
1117 3883 1245 3959 ordinis,
1260 3883 1305 3944 vel
1320 3885 1368 3946 al-

221 3979 334 4054 terius,
345 3979 370 4040 si
385 3979 498 4060 proprii
514 3978 640 4040 instituti
654 3997 716 4041 nou
729 3979 822 4056 adsit,
834 3985 1069 4057 commorentur,
1082 3996 1155 4040 neve
1170 3984 1293 4059 propter
1307 3996 1371 4040 no-.

221 4093 292 4135 vum
302 4094 413 4137 munus
427 4077 465 4137 ah
486 4075 558 4156 ipsis
573 4082 745 4158 susceptum
764 4096 782 4139 a
797 4077 898 4139 debita
911 4095 982 4156 erga
996 4077 1162 4159 superiores
1179 4077 1307 4155 locales,
1320 4080 1367 4140 vel

221 4170 416 4250 provinciales
430 4172 615 4251 ohedientia,
627 4175 836 4254 consuetisque
850 4193 885 4236 ac
896 4174 1004 4238 debitis
1014 4177 1158 4257 regularis
1171 4178 1372 4240 observantia*

221 4268 366 4330 exercitiis
385 4270 457 4347 (nisi
472 4271 501 4331 in
517 4270 616 4351 aliquo
634 4290 836 4353 eosexprcssc
850 4272 923 4334 etin
939 4272 1057 4353 scriptis
1073 4273 1159 4352 juxta
1176 4273 1372 4354 prudentiam»

222 4378 305 4424 tuam
319 4363 549 4444 dispensaveris)
565 4368 789 4430 subtrahantur.
804 4363 889 4443 Quod
903 4368 968 4430 siin
980 4370 1080 4450 aliquo
1092 4376 1241 4432 conventu
1254 4391 1289 4434 ac
1300 4391 1369 4435 mo*
1454 4395 1461 4414 ¹

221 4460 349 4544 vrastcrio
361 4462 477 4524 scholas
487 4464 566 4544 ipsas
581 4465 687 4546 aperiri
700 4466 900 4545 contingeret,
916 4467 1069 4544 volumuS,
1081 4474 1110 4528 ct
1124 4486 1262 4549 expresso
1277 4487 1371 4551 mans
