<?xml version="1.0" encoding="UTF-8"?>
<!DOCTYPE html PUBLIC "-//W3C//DTD XHTML 1.0 Transitional//EN"
    "http://www.w3.org/TR/xhtml1/DTD/xhtml1-transitional.dtd">
<html xmlns="http://www.w3.org/1999/xhtml" xml:lang="en" lang="en">
 <head>
  <title>
</title>
<meta http-equiv="Content-Type" content="text/html;charset=utf-8" />
  <meta name='ocr-system' content='tesseract 3.04.00' />
  <meta name='ocr-capabilities' content='ocr_page ocr_carea ocr_par ocr_line ocrx_word'/>
</head>
<body>
  <div class='ocr_page' id='page_1' title='image "./clementisxivpon00clemgoog_0246.png"; bbox 0 0 3188 5414; ppageno 0'>
   <div class='ocr_carea' id='block_1_1' title="bbox 468 485 1364 548">
    <p class='ocr_par' dir='ltr' id='par_1_1' title="bbox 468 485 1364 548">
     <span class='ocr_line' id='line_1_1' title="bbox 468 485 1364 548; baseline 0.003 -3"><span class='ocrx_word' id='word_1_1' title='bbox 468 485 652 547; x_wconf 78' lang='lat' dir='ltr'><strong>EPlSl&#39;OLAE</strong></span> <span class='ocrx_word' id='word_1_2' title='bbox 669 488 715 545; x_wconf 85' lang='lat' dir='ltr'><strong>ET</strong></span> <span class='ocrx_word' id='word_1_3' title='bbox 735 489 867 546; x_wconf 81' lang='lat' dir='ltr'>BREVIA</span> <span class='ocrx_word' id='word_1_4' title='bbox 888 491 1121 548; x_wconf 78' lang='lat' dir='ltr'><strong>SELECTIORA.</strong></span> <span class='ocrx_word' id='word_1_5' title='bbox 1311 496 1364 548; x_wconf 77' lang='lat'><strong>225</strong></span> 
     </span>
    </p>
   </div>
   <div class='ocr_carea' id='block_1_2' title="bbox 752 659 827 729">
    <p class='ocr_par' dir='ltr' id='par_1_2' title="bbox 752 659 827 729">
     <span class='ocr_line' id='line_1_2' title="bbox 752 659 827 729; baseline 0 0"><span class='ocrx_word' id='word_1_6' title='bbox 752 659 827 729; x_wconf 81' lang='lat' dir='ltr'><strong>cel.</strong></span> 
     </span>
    </p>
   </div>
   <div class='ocr_carea' id='block_1_3' title="bbox 383 814 1204 974">
    <p class='ocr_par' dir='ltr' id='par_1_3' title="bbox 383 814 1204 974">
     <span class='ocr_line' id='line_1_3' title="bbox 445 814 1139 859; baseline 0.004 -4"><span class='ocrx_word' id='word_1_7' title='bbox 445 815 669 858; x_wconf 71' lang='lat' dir='ltr'><strong>nrrxcrrssrrra</strong></span> <span class='ocrx_word' id='word_1_8' title='bbox 691 816 725 857; x_wconf 82' lang='lat' dir='ltr'><strong>in</strong></span> <span class='ocrx_word' id='word_1_9' title='bbox 748 816 879 859; x_wconf 78' lang='lat' dir='ltr'><strong>caarsro</strong></span> <span class='ocrx_word' id='word_1_10' title='bbox 902 814 992 859; x_wconf 70' lang='lat' dir='ltr'><strong>rrum</strong></span> <span class='ocrx_word' id='word_1_11' title='bbox 1014 814 1139 859; x_wconf 71' lang='lat' dir='ltr'><strong>nosram</strong></span> 
     </span>
     <span class='ocr_line' id='line_1_4' title="bbox 383 907 1204 974; baseline -0.002 -2"><span class='ocrx_word' id='word_1_12' title='bbox 383 909 540 972; x_wconf 82' lang='lat' dir='ltr'><strong>MARIAE</strong></span> <span class='ocrx_word' id='word_1_13' title='bbox 567 912 770 974; x_wconf 83' lang='lat' dir='ltr'>SAXONIAE</span> <span class='ocrx_word' id='word_1_14' title='bbox 795 913 1029 973; x_wconf 83' lang='lat' dir='ltr'>ELECTRICI</span> <span class='ocrx_word' id='word_1_15' title='bbox 1056 907 1204 973; x_wconf 85' lang='lat' dir='ltr'>VIDUAE</span> 
     </span>
    </p>
   </div>
   <div class='ocr_carea' id='block_1_4' title="bbox 531 1033 1055 1112">
    <p class='ocr_par' dir='ltr' id='par_1_4' title="bbox 531 1033 1055 1112">
     <span class='ocr_line' id='line_1_5' title="bbox 531 1033 1055 1112; baseline -0.002 -2"><span class='ocrx_word' id='word_1_16' title='bbox 531 1033 764 1112; x_wconf 85' lang='lat' dir='ltr'><strong>CLEMENS</strong></span> <span class='ocrx_word' id='word_1_17' title='bbox 792 1035 919 1111; x_wconf 88' lang='lat' dir='ltr'>PAPA</span> <span class='ocrx_word' id='word_1_18' title='bbox 947 1034 1055 1110; x_wconf 84' lang='lat' dir='ltr'><strong>XIV.</strong></span> 
     </span>
    </p>
   </div>
   <div class='ocr_carea' id='block_1_5' title="bbox 905 1181 1298 1244">
    <p class='ocr_par' dir='ltr' id='par_1_5' title="bbox 905 1181 1298 1244">
     <span class='ocr_line' id='line_1_6' title="bbox 905 1181 1298 1244; baseline -0.008 -12"><span class='ocrx_word' id='word_1_19' title='bbox 905 1188 907 1192; x_wconf 84' lang='grc'><strong>“</strong></span> <span class='ocrx_word' id='word_1_20' title='bbox 992 1181 1120 1241; x_wconf 75' lang='lat' dir='ltr'><strong>Romaatt</strong></span> <span class='ocrx_word' id='word_1_21' title='bbox 1137 1181 1217 1244; x_wconf 78' lang='lat' dir='ltr'><strong>aprilis</strong></span> <span class='ocrx_word' id='word_1_22' title='bbox 1231 1181 1298 1230; x_wconf 76' lang='lat' dir='ltr'><strong>till.</strong></span> 
     </span>
    </p>
   </div>
   <div class='ocr_carea' id='block_1_6' title="bbox 135 1284 1426 4654">
    <p class='ocr_par' dir='ltr' id='par_1_6' title="bbox 135 1284 1426 4577">
     <span class='ocr_line' id='line_1_7' title="bbox 261 1284 1365 1360; baseline -0.004 -12"><span class='ocrx_word' id='word_1_23' title='bbox 261 1285 489 1360; x_wconf 76' lang='lat' dir='ltr'><strong>Dilectissimo,</strong></span> <span class='ocrx_word' id='word_1_24' title='bbox 505 1296 560 1352; x_wconf 87' lang='lat' dir='ltr'><strong>etc.</strong></span> <span class='ocrx_word' id='word_1_25' title='bbox 576 1289 769 1352; x_wconf 74' lang='lat' dir='ltr'><strong>(iratissimus</strong></span> <span class='ocrx_word' id='word_1_26' title='bbox 785 1288 877 1350; x_wconf 90' lang='lat' dir='ltr'><strong>Nobis</strong></span> <span class='ocrx_word' id='word_1_27' title='bbox 893 1294 940 1348; x_wconf 90' lang='lat' dir='ltr'><strong>est</strong></span> <span class='ocrx_word' id='word_1_28' title='bbox 958 1287 1102 1348; x_wconf 89' lang='lat' dir='ltr'><strong>adventus</strong></span> <span class='ocrx_word' id='word_1_29' title='bbox 1122 1287 1152 1347; x_wconf 89' lang='lat' dir='ltr'><strong>in</strong></span> <span class='ocrx_word' id='word_1_30' title='bbox 1167 1284 1300 1360; x_wconf 87' lang='lat' dir='ltr'><strong>ltaliam,</strong></span> <span class='ocrx_word' id='word_1_31' title='bbox 1316 1291 1365 1344; x_wconf 63' lang='lat' dir='ltr'><strong>ata</strong></span> 
     </span>
     <span class='ocr_line' id='line_1_8' title="bbox 220 1381 1364 1466; baseline -0.006 -18"><span class='ocrx_word' id='word_1_32' title='bbox 220 1403 280 1466; x_wconf 92' lang='lat' dir='ltr'><strong>que</strong></span> <span class='ocrx_word' id='word_1_33' title='bbox 296 1387 333 1448; x_wconf 92' lang='lat' dir='ltr'><strong>ad</strong></span> <span class='ocrx_word' id='word_1_34' title='bbox 357 1389 417 1449; x_wconf 92' lang='lat' dir='ltr'><strong>Nos</strong></span> <span class='ocrx_word' id='word_1_35' title='bbox 441 1394 510 1451; x_wconf 92' lang='lat' dir='ltr'><strong>tuus</strong></span> <span class='ocrx_word' id='word_1_36' title='bbox 533 1408 570 1451; x_wconf 92' lang='lat' dir='ltr'><strong>eo</strong></span> <span class='ocrx_word' id='word_1_37' title='bbox 592 1388 723 1450; x_wconf 84' lang='lat' dir='ltr'>maxime</span> <span class='ocrx_word' id='word_1_38' title='bbox 738 1386 862 1450; x_wconf 89' lang='lat' dir='ltr'><strong>consilio</strong></span> <span class='ocrx_word' id='word_1_39' title='bbox 877 1392 1049 1466; x_wconf 88' lang='lat' dir='ltr'><strong>susceptus,</strong></span> <span class='ocrx_word' id='word_1_40' title='bbox 1074 1391 1108 1445; x_wconf 88' lang='lat' dir='ltr'><strong>ut</strong></span> <span class='ocrx_word' id='word_1_41' title='bbox 1122 1385 1152 1444; x_wconf 91' lang='lat' dir='ltr'><strong>in</strong></span> <span class='ocrx_word' id='word_1_42' title='bbox 1166 1384 1224 1443; x_wconf 86' lang='lat' dir='ltr'><strong>hac</strong></span> <span class='ocrx_word' id='word_1_43' title='bbox 1243 1381 1364 1462; x_wconf 88' lang='lat' dir='ltr'><strong>potissi-</strong></span> 
     </span>
     <span class='ocr_line' id='line_1_9' title="bbox 221 1477 1365 1566; baseline -0.006 -22"><span class='ocrx_word' id='word_1_44' title='bbox 221 1502 306 1544; x_wconf 91' lang='lat' dir='ltr'><strong>mum</strong></span> <span class='ocrx_word' id='word_1_45' title='bbox 321 1484 472 1564; x_wconf 81' lang='lat' dir='ltr'><strong>religionis</strong></span> <span class='ocrx_word' id='word_1_46' title='bbox 486 1504 554 1546; x_wconf 85' lang='lat' dir='ltr'><strong>arce</strong></span> <span class='ocrx_word' id='word_1_47' title='bbox 573 1493 748 1547; x_wconf 87' lang='lat' dir='ltr'><strong>sanctorum</strong></span> <span class='ocrx_word' id='word_1_48' title='bbox 768 1484 975 1566; x_wconf 84' lang='lat' dir='ltr'><strong>apostolorum</strong></span> <span class='ocrx_word' id='word_1_49' title='bbox 985 1481 1064 1544; x_wconf 88' lang='lat' dir='ltr'><strong>Petri</strong></span> <span class='ocrx_word' id='word_1_50' title='bbox 1076 1488 1106 1542; x_wconf 90' lang='lat' dir='ltr'><strong>et</strong></span> <span class='ocrx_word' id='word_1_51' title='bbox 1124 1479 1209 1541; x_wconf 89' lang='lat' dir='ltr'><strong>Pauli</strong></span> <span class='ocrx_word' id='word_1_52' title='bbox 1221 1477 1365 1557; x_wconf 84' lang='lat' dir='ltr'><strong>sanguine</strong></span> 
     </span>
     <span class='ocr_line' id='line_1_10' title="bbox 221 1574 1365 1662; baseline -0.004 -23"><span class='ocrx_word' id='word_1_53' title='bbox 221 1586 396 1641; x_wconf 85' lang='lat' dir='ltr'><strong>consecrata</strong></span> <span class='ocrx_word' id='word_1_54' title='bbox 406 1581 488 1658; x_wconf 82' lang='lat' dir='ltr'><strong>loca,</strong></span> <span class='ocrx_word' id='word_1_55' title='bbox 500 1582 618 1662; x_wconf 88' lang='lat' dir='ltr'><strong>aliaque</strong></span> <span class='ocrx_word' id='word_1_56' title='bbox 636 1581 804 1643; x_wconf 75' lang='lat' dir='ltr'><strong>sanctitatis</strong></span> <span class='ocrx_word' id='word_1_57' title='bbox 817 1587 1014 1642; x_wconf 85' lang='lat' dir='ltr'><strong>monumenta</strong></span> <span class='ocrx_word' id='word_1_58' title='bbox 1023 1597 1080 1659; x_wconf 89' lang='lat' dir='ltr'><strong>pro</strong></span> <span class='ocrx_word' id='word_1_59' title='bbox 1089 1577 1199 1639; x_wconf 90' lang='lat' dir='ltr'><strong>eximia</strong></span> <span class='ocrx_word' id='word_1_60' title='bbox 1213 1575 1257 1636; x_wconf 90' lang='lat' dir='ltr'><strong>tui</strong></span> <span class='ocrx_word' id='word_1_61' title='bbox 1273 1574 1365 1636; x_wconf 89' lang='lat' dir='ltr'><strong>animi</strong></span> 
     </span>
     <span class='ocr_line' id='line_1_11' title="bbox 220 1671 1365 1758; baseline -0.002 -23"><span class='ocrx_word' id='word_1_62' title='bbox 220 1675 381 1737; x_wconf 87' lang='lat' dir='ltr'><strong>devotione</strong></span> <span class='ocrx_word' id='word_1_63' title='bbox 392 1694 519 1757; x_wconf 83' lang='lat' dir='ltr'><strong>prasens</strong></span> <span class='ocrx_word' id='word_1_64' title='bbox 534 1697 740 1758; x_wconf 80' lang='lat' dir='ltr'>cognosceres.</span> <span class='ocrx_word' id='word_1_65' title='bbox 763 1679 833 1752; x_wconf 85' lang='lat' dir='ltr'><strong>Qua</strong></span> <span class='ocrx_word' id='word_1_66' title='bbox 850 1678 924 1740; x_wconf 93' lang='lat' dir='ltr'><strong>dum</strong></span> <span class='ocrx_word' id='word_1_67' title='bbox 943 1675 1046 1743; x_wconf 88' lang='lat' dir='ltr'><strong>invisis</strong></span> <span class='ocrx_word' id='word_1_68' title='bbox 1061 1693 1096 1736; x_wconf 90' lang='lat' dir='ltr'><strong>ac</strong></span> <span class='ocrx_word' id='word_1_69' title='bbox 1109 1671 1237 1752; x_wconf 71' lang='lat' dir='ltr'><strong>lustras,</strong></span> <span class='ocrx_word' id='word_1_70' title='bbox 1249 1692 1286 1735; x_wconf 91' lang='lat' dir='ltr'><strong>ea</strong></span> <span class='ocrx_word' id='word_1_71' title='bbox 1299 1673 1365 1754; x_wconf 92' lang='lat' dir='ltr'><strong>pie-</strong></span> 
     </span>
     <span class='ocr_line' id='line_1_12' title="bbox 222 1769 1364 1854; baseline -0.003 -22"><span class='ocrx_word' id='word_1_72' title='bbox 222 1772 293 1833; x_wconf 91' lang='lat' dir='ltr'><strong>tatis</strong></span> <span class='ocrx_word' id='word_1_73' title='bbox 308 1774 445 1854; x_wconf 88' lang='lat' dir='ltr'><strong>exempla</strong></span> <span class='ocrx_word' id='word_1_74' title='bbox 458 1775 595 1836; x_wconf 90' lang='lat' dir='ltr'><strong>omnium</strong></span> <span class='ocrx_word' id='word_1_75' title='bbox 609 1776 704 1837; x_wconf 90' lang='lat' dir='ltr'><strong>oculis</strong></span> <span class='ocrx_word' id='word_1_76' title='bbox 722 1775 861 1853; x_wconf 89' lang='lat' dir='ltr'><strong>exhibes,</strong></span> <span class='ocrx_word' id='word_1_77' title='bbox 872 1782 905 1837; x_wconf 93' lang='lat' dir='ltr'><strong>ut</strong></span> <span class='ocrx_word' id='word_1_78' title='bbox 919 1776 1030 1836; x_wconf 87' lang='lat' dir='ltr'><strong>mirum</strong></span> <span class='ocrx_word' id='word_1_79' title='bbox 1050 1773 1081 1834; x_wconf 91' lang='lat' dir='ltr'><strong>in</strong></span> <span class='ocrx_word' id='word_1_80' title='bbox 1095 1772 1220 1833; x_wconf 85' lang='lat' dir='ltr'><strong>modurn</strong></span> <span class='ocrx_word' id='word_1_81' title='bbox 1237 1769 1364 1850; x_wconf 89' lang='lat' dir='ltr'><strong>pristina</strong></span> 
     </span>
     <span class='ocr_line' id='line_1_13' title="bbox 220 1868 1367 1953; baseline -0.003 -21"><span class='ocrx_word' id='word_1_82' title='bbox 220 1878 326 1933; x_wconf 90' lang='lat' dir='ltr'><strong>nostra</strong></span> <span class='ocrx_word' id='word_1_83' title='bbox 338 1872 377 1932; x_wconf 93' lang='lat' dir='ltr'><strong>de</strong></span> <span class='ocrx_word' id='word_1_84' title='bbox 389 1873 548 1934; x_wconf 88' lang='lat' dir='ltr'><strong>virtutibus</strong></span> <span class='ocrx_word' id='word_1_85' title='bbox 556 1919 565 1950; x_wconf 85' lang='lat'><strong><em>‚</em></strong></span> <span class='ocrx_word' id='word_1_86' title='bbox 581 1892 616 1934; x_wconf 89' lang='lat' dir='ltr'><strong>ac</strong></span> <span class='ocrx_word' id='word_1_87' title='bbox 630 1874 718 1953; x_wconf 80' lang='lat' dir='ltr'><strong>regiis</strong></span> <span class='ocrx_word' id='word_1_88' title='bbox 728 1874 866 1935; x_wconf 81' lang='lat' dir='ltr'>laudibus</span> <span class='ocrx_word' id='word_1_89' title='bbox 880 1874 939 1934; x_wconf 90' lang='lat' dir='ltr'><strong>tuis</strong></span> <span class='ocrx_word' id='word_1_90' title='bbox 954 1872 1096 1934; x_wconf 87' lang='lat' dir='ltr'><strong>roborata</strong></span> <span class='ocrx_word' id='word_1_91' title='bbox 1106 1870 1159 1945; x_wconf 87' lang='lat' dir='ltr'><strong>sit,</strong></span> <span class='ocrx_word' id='word_1_92' title='bbox 1173 1876 1262 1948; x_wconf 89' lang='lat' dir='ltr'><strong>atque</strong></span> <span class='ocrx_word' id='word_1_93' title='bbox 1275 1868 1367 1929; x_wconf 88' lang='lat' dir='ltr'><strong>etiam</strong></span> 
     </span>
     <span class='ocr_line' id='line_1_14' title="bbox 221 1965 1367 2050; baseline -0.001 -24"><span class='ocrx_word' id='word_1_94' title='bbox 221 1973 313 2027; x_wconf 89' lang='lat' dir='ltr'><strong>aucta</strong></span> <span class='ocrx_word' id='word_1_95' title='bbox 325 1967 515 2029; x_wconf 85' lang='lat' dir='ltr'><strong>existimatio.</strong></span> <span class='ocrx_word' id='word_1_96' title='bbox 533 1972 550 2029; x_wconf 91' lang='lat' dir='ltr'>J</span> <span class='ocrx_word' id='word_1_97' title='bbox 553 1984 603 2030; x_wconf 91' lang='lat' dir='ltr'><strong>am</strong></span> <span class='ocrx_word' id='word_1_98' title='bbox 619 1970 671 2032; x_wconf 87' lang='lat' dir='ltr'><strong>diu</strong></span> <span class='ocrx_word' id='word_1_99' title='bbox 689 1973 769 2032; x_wconf 89' lang='lat' dir='ltr'><strong>enlm</strong></span> <span class='ocrx_word' id='word_1_100' title='bbox 780 1971 908 2033; x_wconf 88' lang='lat' dir='ltr'><strong>dillusus</strong></span> <span class='ocrx_word' id='word_1_101' title='bbox 923 1970 1035 2050; x_wconf 88' lang='lat' dir='ltr'><strong>ubique</strong></span> <span class='ocrx_word' id='word_1_102' title='bbox 1051 1975 1173 2029; x_wconf 90' lang='lat' dir='ltr'><strong>tuorum</strong></span> <span class='ocrx_word' id='word_1_103' title='bbox 1188 1965 1367 2027; x_wconf 89' lang='lat' dir='ltr'><strong>meritorum</strong></span> 
     </span>
     <span class='ocr_line' id='line_1_15' title="bbox 220 2063 1369 2148; baseline -0.002 -24"><span class='ocrx_word' id='word_1_104' title='bbox 220 2063 363 2144; x_wconf 86' lang='lat' dir='ltr'><strong>splendor</strong></span> <span class='ocrx_word' id='word_1_105' title='bbox 379 2065 417 2126; x_wconf 92' lang='lat' dir='ltr'><strong>ad</strong></span> <span class='ocrx_word' id='word_1_106' title='bbox 428 2067 488 2126; x_wconf 92' lang='lat' dir='ltr'><strong>Nos</strong></span> <span class='ocrx_word' id='word_1_107' title='bbox 501 2075 696 2146; x_wconf 84' lang='lat' dir='ltr'><strong>pervenerat,</strong></span> <span class='ocrx_word' id='word_1_108' title='bbox 711 2068 851 2148; x_wconf 90' lang='lat' dir='ltr'><strong>lamaque</strong></span> <span class='ocrx_word' id='word_1_109' title='bbox 862 2067 926 2148; x_wconf 90' lang='lat' dir='ltr'><strong>ipsa</strong></span> <span class='ocrx_word' id='word_1_110' title='bbox 939 2067 1032 2129; x_wconf 91' lang='lat' dir='ltr'><strong>Nobis</strong></span> <span class='ocrx_word' id='word_1_111' title='bbox 1051 2064 1212 2141; x_wconf 84' lang='lat' dir='ltr'><strong>atterebat,</strong></span> <span class='ocrx_word' id='word_1_112' title='bbox 1233 2082 1301 2143; x_wconf 86' lang='lat' dir='ltr'><strong>quae</strong></span> <span class='ocrx_word' id='word_1_113' title='bbox 1314 2069 1369 2122; x_wconf 88' lang='lat' dir='ltr'><strong>tua</strong></span> 
     </span>
     <span class='ocr_line' id='line_1_16' title="bbox 221 2162 1368 2248; baseline 0.001 -25"><span class='ocrx_word' id='word_1_114' title='bbox 221 2162 354 2241; x_wconf 82' lang='lat' dir='ltr'><strong>consilii,</strong></span> <span class='ocrx_word' id='word_1_115' title='bbox 376 2183 412 2225; x_wconf 92' lang='lat' dir='ltr'><strong>ac</strong></span> <span class='ocrx_word' id='word_1_116' title='bbox 430 2165 581 2246; x_wconf 82' lang='lat' dir='ltr'><strong>sapientia</strong></span> <span class='ocrx_word' id='word_1_117' title='bbox 594 2167 639 2228; x_wconf 91' lang='lat' dir='ltr'><strong>vis</strong></span> <span class='ocrx_word' id='word_1_118' title='bbox 660 2175 755 2244; x_wconf 84' lang='lat' dir='ltr'><strong>esset,</strong></span> <span class='ocrx_word' id='word_1_119' title='bbox 777 2174 807 2228; x_wconf 91' lang='lat' dir='ltr'><strong>et</strong></span> <span class='ocrx_word' id='word_1_120' title='bbox 820 2173 925 2248; x_wconf 80' lang='lat' dir='ltr'><strong>prater</strong></span> <span class='ocrx_word' id='word_1_121' title='bbox 938 2165 1057 2246; x_wconf 77' lang='lat' dir='ltr'><strong>egregia</strong></span> <span class='ocrx_word' id='word_1_122' title='bbox 1080 2165 1249 2226; x_wconf 88' lang='lat' dir='ltr'><strong>litterarum</strong></span> <span class='ocrx_word' id='word_1_123' title='bbox 1273 2181 1368 2225; x_wconf 89' lang='lat' dir='ltr'><strong>orna-</strong></span> 
     </span>
     <span class='ocr_line' id='line_1_17' title="bbox 220 2255 1368 2344; baseline -0.001 -24"><span class='ocrx_word' id='word_1_124' title='bbox 220 2266 338 2330; x_wconf 86' lang='lat' dir='ltr'><strong>menta,</strong></span> <span class='ocrx_word' id='word_1_125' title='bbox 348 2279 424 2340; x_wconf 90' lang='lat' dir='ltr'><strong>quas</strong></span> <span class='ocrx_word' id='word_1_126' title='bbox 432 2267 462 2323; x_wconf 94' lang='lat' dir='ltr'><strong>et</strong></span> <span class='ocrx_word' id='word_1_127' title='bbox 469 2261 682 2342; x_wconf 86' lang='lat' dir='ltr'><strong>optimenosti‚</strong></span> <span class='ocrx_word' id='word_1_128' title='bbox 694 2270 725 2325; x_wconf 91' lang='lat' dir='ltr'><strong>et</strong></span> <span class='ocrx_word' id='word_1_129' title='bbox 734 2255 901 2344; x_wconf 82' lang='lat' dir='ltr'><strong>patrocinio</strong></span> <span class='ocrx_word' id='word_1_130' title='bbox 913 2262 1046 2343; x_wconf 83' lang='lat' dir='ltr'><strong>dignaris</strong></span> <span class='ocrx_word' id='word_1_131' title='bbox 1056 2268 1125 2338; x_wconf 89' lang='lat' dir='ltr'><strong>tuo,</strong></span> <span class='ocrx_word' id='word_1_132' title='bbox 1137 2267 1286 2340; x_wconf 87' lang='lat' dir='ltr'><strong>quantum</strong></span> <span class='ocrx_word' id='word_1_133' title='bbox 1293 2278 1368 2340; x_wconf 70' lang='lat' dir='ltr'><strong>prae</strong></span> 
     </span>
     <span class='ocr_line' id='line_1_18' title="bbox 221 2357 1426 2442; baseline -0.003 -23"><span class='ocrx_word' id='word_1_134' title='bbox 221 2358 324 2419; x_wconf 88' lang='lat' dir='ltr'><strong>sertim</strong></span> <span class='ocrx_word' id='word_1_135' title='bbox 337 2359 488 2438; x_wconf 82' lang='lat' dir='ltr'><strong>religioni,</strong></span> <span class='ocrx_word' id='word_1_136' title='bbox 501 2359 666 2442; x_wconf 85' lang='lat' dir='ltr'><strong>pietatique</strong></span> <span class='ocrx_word' id='word_1_137' title='bbox 684 2361 793 2437; x_wconf 90' lang='lat' dir='ltr'><strong>studii,</strong></span> <span class='ocrx_word' id='word_1_138' title='bbox 808 2366 840 2421; x_wconf 91' lang='lat' dir='ltr'><strong>et</strong></span> <span class='ocrx_word' id='word_1_139' title='bbox 855 2365 1003 2440; x_wconf 90' lang='lat' dir='ltr'><strong>quantum</strong></span> <span class='ocrx_word' id='word_1_140' title='bbox 1014 2357 1117 2434; x_wconf 87' lang='lat' dir='ltr'><strong>Nobis,</strong></span> <span class='ocrx_word' id='word_1_141' title='bbox 1131 2365 1221 2436; x_wconf 86' lang='lat' dir='ltr'><strong>atque</strong></span> <span class='ocrx_word' id='word_1_142' title='bbox 1231 2357 1368 2436; x_wconf 84' lang='lat' dir='ltr'><strong>Aposto-</strong></span> <span class='ocrx_word' id='word_1_143' title='bbox 1420 2394 1426 2405; x_wconf 46' lang='grc' dir='ltr'>ι</span> 
     </span>
     <span class='ocr_line' id='line_1_19' title="bbox 221 2455 1364 2534; baseline -0.003 -19"><span class='ocrx_word' id='word_1_144' title='bbox 221 2455 282 2517; x_wconf 82' lang='lat' dir='ltr'><strong>lica</strong></span> <span class='ocrx_word' id='word_1_145' title='bbox 296 2456 366 2518; x_wconf 86' lang='lat' dir='ltr'><strong>huie</strong></span> <span class='ocrx_word' id='word_1_146' title='bbox 377 2457 447 2519; x_wconf 89' lang='lat' dir='ltr'><strong>Sedi</strong></span> <span class='ocrx_word' id='word_1_147' title='bbox 456 2457 621 2520; x_wconf 89' lang='lat' dir='ltr'><strong>devotionis</strong></span> <span class='ocrx_word' id='word_1_148' title='bbox 630 2504 638 2534; x_wconf 89' lang='lat'><strong><em>,</em></strong></span> <span class='ocrx_word' id='word_1_149' title='bbox 657 2476 692 2519; x_wconf 90' lang='lat' dir='ltr'><strong>ac</strong></span> <span class='ocrx_word' id='word_1_150' title='bbox 702 2456 896 2519; x_wconf 82' lang='lat' dir='ltr'><strong>observantia</strong></span> <span class='ocrx_word' id='word_1_151' title='bbox 909 2455 1050 2517; x_wconf 84' lang='lat' dir='ltr'><strong>deferres.</strong></span> <span class='ocrx_word' id='word_1_152' title='bbox 1066 2457 1111 2515; x_wconf 88' lang='lat' dir='ltr'><strong>Ex</strong></span> <span class='ocrx_word' id='word_1_153' title='bbox 1132 2472 1193 2533; x_wconf 90' lang='lat' dir='ltr'><strong>quo</strong></span> <span class='ocrx_word' id='word_1_154' title='bbox 1210 2458 1364 2532; x_wconf 86' lang='lat' dir='ltr'><strong>anteceptr</strong></span> 
     </span>
     <span class='ocr_line' id='line_1_20' title="bbox 221 2549 1348 2634; baseline -0.004 -21"><span class='ocrx_word' id='word_1_155' title='bbox 221 2553 258 2614; x_wconf 90' lang='lat' dir='ltr'><strong>de</strong></span> <span class='ocrx_word' id='word_1_156' title='bbox 275 2559 305 2615; x_wconf 89' lang='lat' dir='ltr'><strong>te</strong></span> <span class='ocrx_word' id='word_1_157' title='bbox 321 2553 435 2634; x_wconf 89' lang='lat' dir='ltr'><strong>judicio</strong></span> <span class='ocrx_word' id='word_1_158' title='bbox 455 2560 574 2634; x_wconf 88' lang='lat' dir='ltr'><strong>nostro,</strong></span> <span class='ocrx_word' id='word_1_159' title='bbox 589 2560 769 2634; x_wconf 89' lang='lat' dir='ltr'><strong>tuarumque</strong></span> <span class='ocrx_word' id='word_1_160' title='bbox 784 2554 930 2615; x_wconf 89' lang='lat' dir='ltr'><strong>virtutum</strong></span> <span class='ocrx_word' id='word_1_161' title='bbox 944 2551 1103 2633; x_wconf 82' lang='lat' dir='ltr'><strong>prasentia</strong></span> <span class='ocrx_word' id='word_1_162' title='bbox 1117 2549 1296 2612; x_wconf 86' lang='lat' dir='ltr'><strong>confirmato</strong></span> <span class='ocrx_word' id='word_1_163' title='bbox 1318 2549 1348 2609; x_wconf 94' lang='lat' dir='ltr'><strong>in</strong></span> 
     </span>
     <span class='ocr_line' id='line_1_21' title="bbox 223 2649 1367 2735; baseline -0.005 -23"><span class='ocrx_word' id='word_1_164' title='bbox 223 2650 355 2732; x_wconf 83' lang='lat' dir='ltr'><strong>telligere</strong></span> <span class='ocrx_word' id='word_1_165' title='bbox 370 2651 457 2715; x_wconf 85' lang='lat' dir='ltr'><strong>laoile</strong></span> <span class='ocrx_word' id='word_1_166' title='bbox 468 2660 569 2735; x_wconf 85' lang='lat' dir='ltr'><strong>potes,</strong></span> <span class='ocrx_word' id='word_1_167' title='bbox 582 2650 778 2714; x_wconf 89' lang='lat' dir='ltr'><strong>dilectissima</strong></span> <span class='ocrx_word' id='word_1_168' title='bbox 799 2650 829 2712; x_wconf 90' lang='lat' dir='ltr'><strong>in</strong></span> <span class='ocrx_word' id='word_1_169' title='bbox 840 2649 956 2712; x_wconf 87' lang='lat' dir='ltr'><strong>Christo</strong></span> <span class='ocrx_word' id='word_1_170' title='bbox 966 2649 1028 2711; x_wconf 89' lang='lat' dir='ltr'><strong>lilia</strong></span> <span class='ocrx_word' id='word_1_171' title='bbox 1038 2654 1159 2725; x_wconf 88' lang='lat' dir='ltr'><strong>nostra,</strong></span> <span class='ocrx_word' id='word_1_172' title='bbox 1172 2666 1233 2728; x_wconf 90' lang='lat' dir='ltr'><strong>qua</strong></span> <span class='ocrx_word' id='word_1_173' title='bbox 1247 2652 1277 2708; x_wconf 87' lang='lat' dir='ltr'><strong>te</strong></span> <span class='ocrx_word' id='word_1_174' title='bbox 1286 2664 1367 2708; x_wconf 89' lang='lat' dir='ltr'><strong>nunc</strong></span> 
     </span>
     <span class='ocr_line' id='line_1_22' title="bbox 222 2744 1367 2830; baseline -0.007 -20"><span class='ocrx_word' id='word_1_175' title='bbox 222 2748 260 2810; x_wconf 92' lang='lat' dir='ltr'><strong>ad</strong></span> <span class='ocrx_word' id='word_1_176' title='bbox 275 2751 337 2811; x_wconf 92' lang='lat' dir='ltr'><strong>Nos</strong></span> <span class='ocrx_word' id='word_1_177' title='bbox 350 2748 557 2812; x_wconf 88' lang='lat' dir='ltr'><strong>advenientem</strong></span> <span class='ocrx_word' id='word_1_178' title='bbox 574 2747 759 2830; x_wconf 87' lang='lat' dir='ltr'><strong>excipiamus</strong></span> <span class='ocrx_word' id='word_1_179' title='bbox 783 2746 956 2824; x_wconf 88' lang='lat' dir='ltr'><strong>voluntate,</strong></span> <span class='ocrx_word' id='word_1_180' title='bbox 977 2763 1130 2827; x_wconf 91' lang='lat' dir='ltr'><strong>quamque</strong></span> <span class='ocrx_word' id='word_1_181' title='bbox 1146 2744 1266 2820; x_wconf 90' lang='lat' dir='ltr'><strong>omnia,</strong></span> <span class='ocrx_word' id='word_1_182' title='bbox 1281 2761 1367 2822; x_wconf 85' lang='lat' dir='ltr'><strong>quae-</strong></span> 
     </span>
     <span class='ocr_line' id='line_1_23' title="bbox 222 2839 1367 2928; baseline -0.008 -21"><span class='ocrx_word' id='word_1_183' title='bbox 222 2864 351 2927; x_wconf 90' lang='lat' dir='ltr'><strong>cumque</strong></span> <span class='ocrx_word' id='word_1_184' title='bbox 364 2847 513 2928; x_wconf 88' lang='lat' dir='ltr'><strong>proticisci</strong></span> <span class='ocrx_word' id='word_1_185' title='bbox 534 2846 656 2909; x_wconf 90' lang='lat' dir='ltr'><strong>aNobis</strong></span> <span class='ocrx_word' id='word_1_186' title='bbox 672 2852 817 2927; x_wconf 85' lang='lat' dir='ltr'><strong>possunt,</strong></span> <span class='ocrx_word' id='word_1_187' title='bbox 835 2851 967 2926; x_wconf 80' lang='lat' dir='ltr'><strong>paterna</strong></span> <span class='ocrx_word' id='word_1_188' title='bbox 981 2844 1138 2922; x_wconf 66' lang='lat' dir='ltr'><strong>sirngulans</strong></span> <span class='ocrx_word' id='word_1_189' title='bbox 1149 2839 1283 2902; x_wconf 83' lang='lat' dir='ltr'><strong>caritatis</strong></span> <span class='ocrx_word' id='word_1_190' title='bbox 1296 2839 1367 2900; x_wconf 87' lang='lat' dir='ltr'><strong>olfi-</strong></span> 
     </span>
     <span class='ocr_line' id='line_1_24' title="bbox 135 2933 1364 3022; baseline -0.004 -20"><span class='ocrx_word' id='word_1_191' title='bbox 135 2946 139 2952; x_wconf 86' lang='lat'>&#39;</span> <span class='ocrx_word' id='word_1_192' title='bbox 202 2933 270 3003; x_wconf 63' lang='lat' dir='ltr'><strong>&#39;cia</strong></span> <span class='ocrx_word' id='word_1_193' title='bbox 284 2942 425 3003; x_wconf 86' lang='lat' dir='ltr'><strong>exhibere</strong></span> <span class='ocrx_word' id='word_1_194' title='bbox 444 2942 516 3019; x_wconf 83' lang='lat' dir='ltr'><strong>tibi,</strong></span> <span class='ocrx_word' id='word_1_195' title='bbox 533 2948 563 3004; x_wconf 89' lang='lat' dir='ltr'><strong>et</strong></span> <span class='ocrx_word' id='word_1_196' title='bbox 583 2943 739 3004; x_wconf 89' lang='lat' dir='ltr'><strong>cumulare</strong></span> <span class='ocrx_word' id='word_1_197' title='bbox 758 2939 926 3022; x_wconf 87' lang='lat' dir='ltr'><strong>cupiamus.</strong></span> <span class='ocrx_word' id='word_1_198' title='bbox 944 2941 978 3003; x_wconf 93' lang='lat' dir='ltr'><strong>Id</strong></span> <span class='ocrx_word' id='word_1_199' title='bbox 992 2940 1127 3022; x_wconf 85' lang='lat' dir='ltr'><strong>prolecto</strong></span> <span class='ocrx_word' id='word_1_200' title='bbox 1141 2940 1222 3000; x_wconf 90' lang='lat' dir='ltr'><strong>nullo</strong></span> <span class='ocrx_word' id='word_1_201' title='bbox 1243 2937 1364 3019; x_wconf 90' lang='lat' dir='ltr'><strong>potiori,</strong></span> 
     </span>
     <span class='ocr_line' id='line_1_25' title="bbox 220 3034 1366 3121; baseline -0.002 -22"><span class='ocrx_word' id='word_1_202' title='bbox 220 3037 335 3119; x_wconf 89' lang='lat' dir='ltr'><strong>tibique</strong></span> <span class='ocrx_word' id='word_1_203' title='bbox 345 3037 517 3116; x_wconf 86' lang='lat' dir='ltr'><strong>jucundiori</strong></span> <span class='ocrx_word' id='word_1_204' title='bbox 529 3037 640 3101; x_wconf 88' lang='lat' dir='ltr'><strong>indicio</strong></span> <span class='ocrx_word' id='word_1_205' title='bbox 652 3038 851 3120; x_wconf 90' lang='lat' dir='ltr'><strong>comprobare</strong></span> <span class='ocrx_word' id='word_1_206' title='bbox 859 3058 1035 3121; x_wconf 80' lang='lat' dir='ltr'><strong>possumus,</strong></span> <span class='ocrx_word' id='word_1_207' title='bbox 1051 3057 1143 3120; x_wconf 90' lang='lat' dir='ltr'><strong>quam</strong></span> <span class='ocrx_word' id='word_1_208' title='bbox 1154 3036 1236 3118; x_wconf 91' lang='lat' dir='ltr'><strong>quod</strong></span> <span class='ocrx_word' id='word_1_209' title='bbox 1250 3034 1366 3117; x_wconf 90' lang='lat' dir='ltr'><strong>abipsa</strong></span> 
     </span>
     <span class='ocr_line' id='line_1_26' title="bbox 220 3134 1365 3220; baseline -0.003 -22"><span class='ocrx_word' id='word_1_210' title='bbox 220 3137 499 3219; x_wconf 85' lang='lat' dir='ltr'><strong>religionepetitum</strong></span> <span class='ocrx_word' id='word_1_211' title='bbox 516 3139 571 3216; x_wconf 83' lang='lat' dir='ltr'><strong>sit,</strong></span> <span class='ocrx_word' id='word_1_212' title='bbox 584 3137 663 3199; x_wconf 89' lang='lat' dir='ltr'><strong>unde</strong></span> <span class='ocrx_word' id='word_1_213' title='bbox 680 3156 751 3200; x_wconf 89' lang='lat' dir='ltr'><strong>sane</strong></span> <span class='ocrx_word' id='word_1_214' title='bbox 772 3139 939 3202; x_wconf 89' lang='lat' dir='ltr'><strong>maximum</strong></span> <span class='ocrx_word' id='word_1_215' title='bbox 960 3145 1050 3220; x_wconf 88' lang='lat' dir='ltr'><strong>queat</strong></span> <span class='ocrx_word' id='word_1_216' title='bbox 1067 3138 1138 3199; x_wconf 90' lang='lat' dir='ltr'><strong>huic</strong></span> <span class='ocrx_word' id='word_1_217' title='bbox 1155 3134 1246 3198; x_wconf 90' lang='lat' dir='ltr'><strong>animi</strong></span> <span class='ocrx_word' id='word_1_218' title='bbox 1270 3136 1365 3196; x_wconf 84' lang='lat' dir='ltr'><strong>nostri</strong></span> 
     </span>
     <span class='ocr_line' id='line_1_27' title="bbox 220 3226 1367 3316; baseline -0.002 -21"><span class='ocrx_word' id='word_1_219' title='bbox 220 3234 428 3314; x_wconf 82' lang='lat' dir='ltr'><strong>significationi</strong></span> <span class='ocrx_word' id='word_1_220' title='bbox 439 3232 558 3315; x_wconf 90' lang='lat' dir='ltr'><strong>pondus</strong></span> <span class='ocrx_word' id='word_1_221' title='bbox 574 3233 707 3314; x_wconf 81' lang='lat' dir='ltr'><strong>adjungi.</strong></span> <span class='ocrx_word' id='word_1_222' title='bbox 723 3234 808 3296; x_wconf 87' lang='lat' dir='ltr'><strong>Habe</strong></span> <span class='ocrx_word' id='word_1_223' title='bbox 820 3234 921 3316; x_wconf 90' lang='lat' dir='ltr'><strong>itaque</strong></span> <span class='ocrx_word' id='word_1_224' title='bbox 931 3255 949 3298; x_wconf 94' lang='lat' dir='ltr'><strong>a</strong></span> <span class='ocrx_word' id='word_1_225' title='bbox 960 3226 1054 3298; x_wconf 89' lang='lat' dir='ltr'><strong>Nobis</strong></span> <span class='ocrx_word' id='word_1_226' title='bbox 1066 3251 1186 3296; x_wconf 89' lang='lat' dir='ltr'><strong>sacrum</strong></span> <span class='ocrx_word' id='word_1_227' title='bbox 1195 3231 1255 3294; x_wconf 92' lang='lat' dir='ltr'><strong>hoc</strong></span> <span class='ocrx_word' id='word_1_228' title='bbox 1270 3250 1367 3294; x_wconf 85' lang='lat' dir='ltr'><strong>aurea</strong></span> 
     </span>
     <span class='ocr_line' id='line_1_28' title="bbox 222 3327 1365 3420; baseline -0.003 -27"><span class='ocrx_word' id='word_1_229' title='bbox 222 3329 328 3393; x_wconf 85' lang='lat' dir='ltr'><strong>Christi</strong></span> <span class='ocrx_word' id='word_1_230' title='bbox 350 3329 485 3413; x_wconf 86' lang='lat' dir='ltr'><strong>crucifixi</strong></span> <span class='ocrx_word' id='word_1_231' title='bbox 501 3328 640 3410; x_wconf 74' lang='lat' dir='ltr'><strong>imaginis</strong></span> <span class='ocrx_word' id='word_1_232' title='bbox 661 3332 875 3395; x_wconf 89' lang='lat' dir='ltr'><strong>munusculum</strong></span> <span class='ocrx_word' id='word_1_233' title='bbox 886 3379 895 3410; x_wconf 82' lang='lat'>,</span> <span class='ocrx_word' id='word_1_234' title='bbox 918 3331 1000 3413; x_wconf 92' lang='lat' dir='ltr'><strong>quod</strong></span> <span class='ocrx_word' id='word_1_235' title='bbox 1018 3339 1052 3394; x_wconf 92' lang='lat' dir='ltr'><strong>ut</strong></span> <span class='ocrx_word' id='word_1_236' title='bbox 1070 3330 1215 3394; x_wconf 87' lang='lat' dir='ltr'><strong>alacriore</strong></span> <span class='ocrx_word' id='word_1_237' title='bbox 1235 3327 1365 3420; x_wconf 89' lang='lat' dir='ltr'><strong>excipias</strong></span> 
     </span>
     <span class='ocr_line' id='line_1_29' title="bbox 222 3425 1366 3510; baseline -0.003 -21"><span class='ocrx_word' id='word_1_238' title='bbox 222 3428 339 3506; x_wconf 86' lang='lat' dir='ltr'><strong>animo,</strong></span> <span class='ocrx_word' id='word_1_239' title='bbox 351 3429 448 3490; x_wconf 88' lang='lat' dir='ltr'><strong>multo</strong></span> <span class='ocrx_word' id='word_1_240' title='bbox 460 3426 541 3490; x_wconf 91' lang='lat' dir='ltr'><strong>idem</strong></span> <span class='ocrx_word' id='word_1_241' title='bbox 556 3426 716 3508; x_wconf 87' lang='lat' dir='ltr'><strong>pretiosius</strong></span> <span class='ocrx_word' id='word_1_242' title='bbox 731 3430 897 3510; x_wconf 89' lang='lat' dir='ltr'><strong>apostolica</strong></span> <span class='ocrx_word' id='word_1_243' title='bbox 912 3435 1015 3491; x_wconf 90' lang='lat' dir='ltr'><strong>nostra</strong></span> <span class='ocrx_word' id='word_1_244' title='bbox 1025 3428 1233 3491; x_wconf 89' lang='lat' dir='ltr'><strong>benedictione</strong></span> <span class='ocrx_word' id='word_1_245' title='bbox 1242 3425 1366 3488; x_wconf 90' lang='lat' dir='ltr'><strong>reddere</strong></span> 
     </span>
     <span class='ocr_line' id='line_1_30' title="bbox 220 3522 1366 3607; baseline -0.003 -22"><span class='ocrx_word' id='word_1_246' title='bbox 220 3524 380 3587; x_wconf 89' lang='lat' dir='ltr'><strong>voluimus.</strong></span> <span class='ocrx_word' id='word_1_247' title='bbox 397 3527 496 3606; x_wconf 79' lang='lat' dir='ltr'><strong>Atque</strong></span> <span class='ocrx_word' id='word_1_248' title='bbox 507 3531 541 3587; x_wconf 83' lang='lat' dir='ltr'><strong>ut</strong></span> <span class='ocrx_word' id='word_1_249' title='bbox 557 3526 656 3607; x_wconf 88' lang='lat' dir='ltr'><strong>ipsum</strong></span> <span class='ocrx_word' id='word_1_250' title='bbox 677 3525 777 3589; x_wconf 90' lang='lat' dir='ltr'><strong>adhuc</strong></span> <span class='ocrx_word' id='word_1_251' title='bbox 790 3526 845 3587; x_wconf 90' lang='lat' dir='ltr'><strong>tibi</strong></span> <span class='ocrx_word' id='word_1_252' title='bbox 858 3527 972 3607; x_wconf 84' lang='lat' dir='ltr'><strong>gratius</strong></span> <span class='ocrx_word' id='word_1_253' title='bbox 991 3526 1127 3603; x_wconf 89' lang='lat' dir='ltr'><strong>accidat,</strong></span> <span class='ocrx_word' id='word_1_254' title='bbox 1149 3544 1184 3587; x_wconf 88' lang='lat' dir='ltr'><strong>ao</strong></span> <span class='ocrx_word' id='word_1_255' title='bbox 1196 3523 1233 3586; x_wconf 87' lang='lat' dir='ltr'><strong>ad</strong></span> <span class='ocrx_word' id='word_1_256' title='bbox 1246 3522 1366 3604; x_wconf 90' lang='lat' dir='ltr'><strong>pietatis</strong></span> 
     </span>
     <span class='ocr_line' id='line_1_31' title="bbox 221 3618 1366 3703; baseline -0.005 -20"><span class='ocrx_word' id='word_1_257' title='bbox 221 3639 311 3683; x_wconf 90' lang='lat' dir='ltr'><strong>usum</strong></span> <span class='ocrx_word' id='word_1_258' title='bbox 323 3621 485 3702; x_wconf 83' lang='lat' dir='ltr'><strong>acceptius,</strong></span> <span class='ocrx_word' id='word_1_259' title='bbox 498 3621 610 3703; x_wconf 89' lang='lat' dir='ltr'><strong>apertis</strong></span> <span class='ocrx_word' id='word_1_260' title='bbox 621 3622 790 3700; x_wconf 90' lang='lat' dir='ltr'><strong>commissis</strong></span> <span class='ocrx_word' id='word_1_261' title='bbox 807 3621 900 3684; x_wconf 92' lang='lat' dir='ltr'><strong>Nobis</strong></span> <span class='ocrx_word' id='word_1_262' title='bbox 913 3622 1050 3684; x_wconf 79' lang='lat' dir='ltr'><strong>Ecclesia</strong></span> <span class='ocrx_word' id='word_1_263' title='bbox 1059 3621 1221 3698; x_wconf 89' lang='lat' dir='ltr'><strong>thesauris,</strong></span> <span class='ocrx_word' id='word_1_264' title='bbox 1236 3618 1366 3700; x_wconf 88' lang='lat' dir='ltr'><strong>quoties-</strong></span> 
     </span>
     <span class='ocr_line' id='line_1_32' title="bbox 221 3713 1363 3798; baseline -0.002 -21"><span class='ocrx_word' id='word_1_265' title='bbox 221 3718 352 3797; x_wconf 86' lang='lat' dir='ltr'><strong>cumque</strong></span> <span class='ocrx_word' id='word_1_266' title='bbox 364 3715 501 3778; x_wconf 88' lang='lat' dir='ltr'><strong>conlessa</strong></span> <span class='ocrx_word' id='word_1_267' title='bbox 518 3735 553 3778; x_wconf 88' lang='lat' dir='ltr'><strong>ao</strong></span> <span class='ocrx_word' id='word_1_268' title='bbox 564 3735 650 3780; x_wconf 87' lang='lat' dir='ltr'><strong>sacra</strong></span> <span class='ocrx_word' id='word_1_269' title='bbox 659 3717 872 3781; x_wconf 88' lang='lat' dir='ltr'><strong>communione</strong></span> <span class='ocrx_word' id='word_1_270' title='bbox 883 3716 1007 3795; x_wconf 82' lang='lat' dir='ltr'><strong>relecta,</strong></span> <span class='ocrx_word' id='word_1_271' title='bbox 1023 3721 1177 3798; x_wconf 88' lang='lat' dir='ltr'><strong>Deumque</strong></span> <span class='ocrx_word' id='word_1_272' title='bbox 1191 3733 1294 3778; x_wconf 89' lang='lat' dir='ltr'><strong>coram</strong></span> <span class='ocrx_word' id='word_1_273' title='bbox 1307 3713 1363 3775; x_wconf 91' lang='lat' dir='ltr'><strong>hac</strong></span> 
     </span>
     <span class='ocr_line' id='line_1_33' title="bbox 220 3809 1376 3896; baseline 0.001 -23"><span class='ocrx_word' id='word_1_274' title='bbox 220 3815 285 3894; x_wconf 91' lang='lat' dir='ltr'><strong>ipsa</strong></span> <span class='ocrx_word' id='word_1_275' title='bbox 295 3809 430 3876; x_wconf 83' lang='lat' dir='ltr'><strong>crucifixi</strong></span> <span class='ocrx_word' id='word_1_276' title='bbox 441 3813 539 3893; x_wconf 80' lang='lat' dir='ltr'><strong>effigie</strong></span> <span class='ocrx_word' id='word_1_277' title='bbox 549 3814 605 3876; x_wconf 88' lang='lat' dir='ltr'><strong>rite</strong></span> <span class='ocrx_word' id='word_1_278' title='bbox 618 3814 779 3896; x_wconf 87' lang='lat' dir='ltr'><strong>deprecata</strong></span> <span class='ocrx_word' id='word_1_279' title='bbox 790 3815 891 3893; x_wconf 82' lang='lat' dir='ltr'><strong>fueris,</strong></span> <span class='ocrx_word' id='word_1_280' title='bbox 899 3815 987 3877; x_wconf 86' lang='lat' dir='ltr'><strong>toties</strong></span> <span class='ocrx_word' id='word_1_281' title='bbox 999 3821 1032 3875; x_wconf 90' lang='lat' dir='ltr'><strong>ut</strong></span> <span class='ocrx_word' id='word_1_282' title='bbox 1045 3809 1214 3896; x_wconf 87' lang='lat' dir='ltr'><strong>plenariam</strong></span> <span class='ocrx_word' id='word_1_283' title='bbox 1225 3821 1376 3895; x_wconf 66' lang='lat' dir='ltr'><strong>peccato‘</strong></span> 
     </span>
     <span class='ocr_line' id='line_1_34' title="bbox 219 3911 1365 3994; baseline 0.002 -23"><span class='ocrx_word' id='word_1_284' title='bbox 219 3929 288 3972; x_wconf 89' lang='lat' dir='ltr'><strong>rum</strong></span> <span class='ocrx_word' id='word_1_285' title='bbox 297 3911 512 3991; x_wconf 81' lang='lat' dir='ltr'><strong>indulgentiam</strong></span> <span class='ocrx_word' id='word_1_286' title='bbox 525 3911 633 3973; x_wconf 87' lang='lat' dir='ltr'><strong>lucrari</strong></span> <span class='ocrx_word' id='word_1_287' title='bbox 644 3912 750 3994; x_wconf 86' lang='lat' dir='ltr'><strong>possis,</strong></span> <span class='ocrx_word' id='word_1_288' title='bbox 762 3911 925 3994; x_wconf 84' lang='lat' dir='ltr'><strong>apostolica</strong></span> <span class='ocrx_word' id='word_1_289' title='bbox 935 3911 1112 3975; x_wconf 80' lang='lat' dir='ltr'><strong>auctoritate</strong></span> <span class='ocrx_word' id='word_1_290' title='bbox 1122 3912 1315 3975; x_wconf 82' lang='lat' dir='ltr'><strong>concedimus</strong></span> <span class='ocrx_word' id='word_1_291' title='bbox 1330 3931 1365 3973; x_wconf 89' lang='lat' dir='ltr'><strong>ac</strong></span> 
     </span>
     <span class='ocr_line' id='line_1_35' title="bbox 219 4008 1363 4089; baseline 0.002 -22"><span class='ocrx_word' id='word_1_292' title='bbox 219 4009 419 4088; x_wconf 88' lang='lat' dir='ltr'><strong>impertimur.</strong></span> <span class='ocrx_word' id='word_1_293' title='bbox 436 4011 502 4071; x_wconf 89' lang='lat' dir='ltr'><strong>Hoc</strong></span> <span class='ocrx_word' id='word_1_294' title='bbox 514 4008 659 4088; x_wconf 76' lang='lat' dir='ltr'><strong>religiosa</strong></span> <span class='ocrx_word' id='word_1_295' title='bbox 676 4027 747 4089; x_wconf 78' lang='lat' dir='ltr'><strong>erga</strong></span> <span class='ocrx_word' id='word_1_296' title='bbox 767 4016 797 4072; x_wconf 92' lang='lat' dir='ltr'><strong>te</strong></span> <span class='ocrx_word' id='word_1_297' title='bbox 813 4009 958 4089; x_wconf 85' lang='lat' dir='ltr'><strong>largitatis</strong></span> <span class='ocrx_word' id='word_1_298' title='bbox 976 4027 1071 4088; x_wconf 85' lang='lat' dir='ltr'><strong>genus</strong></span> <span class='ocrx_word' id='word_1_299' title='bbox 1089 4009 1169 4071; x_wconf 91' lang='lat' dir='ltr'><strong>ultro</strong></span> <span class='ocrx_word' id='word_1_300' title='bbox 1188 4009 1363 4088; x_wconf 80' lang='lat' dir='ltr'><strong>delegimus,</strong></span> 
     </span>
     <span class='ocr_line' id='line_1_36' title="bbox 219 4103 1361 4195; baseline -0.001 -30"><span class='ocrx_word' id='word_1_301' title='bbox 219 4105 446 4169; x_wconf 90' lang='lat' dir='ltr'><strong>dilectissimain</strong></span> <span class='ocrx_word' id='word_1_302' title='bbox 456 4107 574 4168; x_wconf 84' lang='lat' dir='ltr'><strong>Christo</strong></span> <span class='ocrx_word' id='word_1_303' title='bbox 585 4105 649 4169; x_wconf 87' lang='lat' dir='ltr'><strong>lilia</strong></span> <span class='ocrx_word' id='word_1_304' title='bbox 661 4113 775 4186; x_wconf 85' lang='lat' dir='ltr'><strong>nostra,</strong></span> <span class='ocrx_word' id='word_1_305' title='bbox 784 4114 837 4169; x_wconf 92' lang='lat' dir='ltr'><strong>tua</strong></span> <span class='ocrx_word' id='word_1_306' title='bbox 848 4105 989 4186; x_wconf 82' lang='lat' dir='ltr'><strong>singulari</strong></span> <span class='ocrx_word' id='word_1_307' title='bbox 996 4105 1210 4187; x_wconf 86' lang='lat' dir='ltr'><strong>pietatislaude</strong></span> <span class='ocrx_word' id='word_1_308' title='bbox 1220 4103 1361 4195; x_wconf 58' lang='lat' dir='ltr'><strong>permoti3</strong></span> 
     </span>
     <span class='ocr_line' id='line_1_37' title="bbox 218 4199 1363 4284; baseline -0.003 -20"><span class='ocrx_word' id='word_1_309' title='bbox 218 4221 346 4284; x_wconf 88' lang='lat' dir='ltr'><strong>eamque</strong></span> <span class='ocrx_word' id='word_1_310' title='bbox 364 4223 425 4266; x_wconf 88' lang='lat' dir='ltr'><strong>non</strong></span> <span class='ocrx_word' id='word_1_311' title='bbox 450 4204 548 4267; x_wconf 93' lang='lat' dir='ltr'><strong>solum</strong></span> <span class='ocrx_word' id='word_1_312' title='bbox 571 4204 676 4266; x_wconf 91' lang='lat' dir='ltr'><strong>utilem</strong></span> <span class='ocrx_word' id='word_1_313' title='bbox 698 4203 772 4282; x_wconf 90' lang='lat' dir='ltr'><strong>tibi,</strong></span> <span class='ocrx_word' id='word_1_314' title='bbox 787 4202 839 4267; x_wconf 87' lang='lat' dir='ltr'><strong>sed</strong></span> <span class='ocrx_word' id='word_1_315' title='bbox 860 4203 953 4265; x_wconf 88' lang='lat' dir='ltr'><strong>Nobis</strong></span> <span class='ocrx_word' id='word_1_316' title='bbox 980 4201 1072 4264; x_wconf 89' lang='lat' dir='ltr'><strong>etiarn</strong></span> <span class='ocrx_word' id='word_1_317' title='bbox 1097 4200 1282 4262; x_wconf 88' lang='lat' dir='ltr'><strong>fructuosam</strong></span> <span class='ocrx_word' id='word_1_318' title='bbox 1300 4199 1363 4261; x_wconf 87' lang='lat' dir='ltr'><strong>lore</strong></span> 
     </span>
     <span class='ocr_line' id='line_1_38' title="bbox 219 4298 1362 4383; baseline -0.003 -22"><span class='ocrx_word' id='word_1_319' title='bbox 219 4298 414 4377; x_wconf 86' lang='lat' dir='ltr'><strong>confidimus,</strong></span> <span class='ocrx_word' id='word_1_320' title='bbox 427 4319 497 4362; x_wconf 91' lang='lat' dir='ltr'><strong>cum</strong></span> <span class='ocrx_word' id='word_1_321' title='bbox 514 4299 782 4383; x_wconf 82' lang='lat' dir='ltr'><strong>inprecationibus</strong></span> <span class='ocrx_word' id='word_1_322' title='bbox 802 4300 840 4362; x_wconf 92' lang='lat' dir='ltr'><strong>ad</strong></span> <span class='ocrx_word' id='word_1_323' title='bbox 854 4304 950 4362; x_wconf 87' lang='lat' dir='ltr'><strong>Deum</strong></span> <span class='ocrx_word' id='word_1_324' title='bbox 968 4299 1043 4377; x_wconf 91' lang='lat' dir='ltr'><strong>tuis,</strong></span> <span class='ocrx_word' id='word_1_325' title='bbox 1057 4298 1166 4379; x_wconf 87' lang='lat' dir='ltr'><strong>qulbus</strong></span> <span class='ocrx_word' id='word_1_326' title='bbox 1179 4302 1288 4358; x_wconf 75' lang='lat' dir='ltr'><strong>sancta</strong></span> <span class='ocrx_word' id='word_1_327' title='bbox 1306 4299 1362 4358; x_wconf 90' lang='lat' dir='ltr'><strong>Ec-</strong></span> 
     </span>
     <span class='ocr_line' id='line_1_39' title="bbox 219 4392 1362 4480; baseline -0.003 -22"><span class='ocrx_word' id='word_1_328' title='bbox 219 4398 313 4460; x_wconf 85' lang='lat' dir='ltr'><strong>clesiae</strong></span> <span class='ocrx_word' id='word_1_329' title='bbox 329 4397 460 4459; x_wconf 90' lang='lat' dir='ltr'><strong>rationes</strong></span> <span class='ocrx_word' id='word_1_330' title='bbox 483 4398 540 4480; x_wconf 87' lang='lat' dir='ltr'><strong>ipsi</strong></span> <span class='ocrx_word' id='word_1_331' title='bbox 562 4397 837 4477; x_wconf 83' lang='lat' dir='ltr'><strong>commendaveris,</strong></span> <span class='ocrx_word' id='word_1_332' title='bbox 854 4397 947 4460; x_wconf 90' lang='lat' dir='ltr'><strong>nostri</strong></span> <span class='ocrx_word' id='word_1_333' title='bbox 971 4397 1078 4475; x_wconf 89' lang='lat' dir='ltr'><strong>etiam,</strong></span> <span class='ocrx_word' id='word_1_334' title='bbox 1103 4396 1212 4477; x_wconf 90' lang='lat' dir='ltr'><strong>quibus</strong></span> <span class='ocrx_word' id='word_1_335' title='bbox 1228 4392 1362 4474; x_wconf 87' lang='lat' dir='ltr'><strong>ejusdem</strong></span> 
     </span>
     <span class='ocr_line' id='line_1_40' title="bbox 221 4490 1361 4577; baseline -0.004 -21"><span class='ocrx_word' id='word_1_336' title='bbox 221 4495 358 4576; x_wconf 77' lang='lat' dir='ltr'><strong>regendae</strong></span> <span class='ocrx_word' id='word_1_337' title='bbox 370 4494 580 4576; x_wconf 81' lang='lat' dir='ltr'><strong>gravissimum</strong></span> <span class='ocrx_word' id='word_1_338' title='bbox 591 4493 765 4577; x_wconf 87' lang='lat' dir='ltr'><strong>impositum</strong></span> <span class='ocrx_word' id='word_1_339' title='bbox 775 4500 820 4556; x_wconf 89' lang='lat' dir='ltr'><strong>est</strong></span> <span class='ocrx_word' id='word_1_340' title='bbox 832 4511 942 4556; x_wconf 91' lang='lat' dir='ltr'><strong>munus</strong></span> <span class='ocrx_word' id='word_1_341' title='bbox 953 4540 960 4572; x_wconf 88' lang='lat'>‚</span> <span class='ocrx_word' id='word_1_342' title='bbox 973 4491 1084 4575; x_wconf 89' lang='lat' dir='ltr'><strong>quippe</strong></span> <span class='ocrx_word' id='word_1_343' title='bbox 1095 4509 1151 4574; x_wconf 92' lang='lat' dir='ltr'><strong>pro</strong></span> <span class='ocrx_word' id='word_1_344' title='bbox 1161 4490 1361 4555; x_wconf 87' lang='lat' dir='ltr'><strong>imbecillitate</strong></span> 
     </span>
    </p>

    <p class='ocr_par' dir='ltr' id='par_1_7' title="bbox 1223 4605 1255 4654">
     <span class='ocr_line' id='line_1_41' title="bbox 1223 4605 1255 4654; baseline 0 0"><span class='ocrx_word' id='word_1_345' title='bbox 1223 4605 1255 4654; x_wconf 79' lang='lat'><strong>15</strong></span> 
     </span>
    </p>
   </div>
   <div class='ocr_carea' id='block_1_7' title="bbox 0 0 1598 5414">
    <p class='ocr_par' dir='ltr' id='par_1_8' title="bbox 0 0 1598 5414">
     <span class='ocr_line' id='line_1_42' title="bbox 0 0 1598 5414; baseline 0 0"><span class='ocrx_word' id='word_1_346' title='bbox 0 0 1598 5414; x_wconf 95' lang='lat' dir='ltr'><strong> </strong></span> 
     </span>
    </p>
   </div>
  </div>
 </body>
</html>
