3188 5414
226 437 281 535 29t)
541 486 545 496 “
652 479 851 536 CttzttcttTts
871 480 935 532 xlv

225 586 410 664 profitemur.
425 586 704 646 Luculentissimum
719 603 810 665 porro
826 585 917 645 Nobis
932 568 989 643 suit
1007 582 1211 643 testimonium
1224 591 1315 644 tuum
1335 585 1374 648 de

225 681 343 741 illorum
355 681 524 742 obedientia
539 680 708 760 apostolicis
723 681 758 741 iis
767 680 872 741 litteris
883 677 1026 759 praestita,
1045 678 1096 757 qui
1113 678 1184 738 socii
1201 680 1231 738 in
1245 678 1297 739 illo
1318 699 1374 740 or-

225 780 293 840 dine
314 787 408 857 erant,
424 800 499 860 quos
519 799 590 841 eum
610 780 640 839 in
656 780 736 854 aula,
753 777 989 855 muneribusque
1014 774 1141 836 retinere
1164 775 1373 852 constitueris,

225 876 347 963 minime
361 877 544 954 dubitamus,
562 878 633 958 quin
646 894 731 938 suam
742 876 783 936 illi
804 874 921 936 vivendi
936 874 1100 954 agendique
1113 874 1262 935 rationem
1276 875 1316 935 ad
1331 876 1374 935 il-

225 972 281 1034 lius
302 975 395 1035 nostri
414 975 515 1037 Brevis
527 990 666 1035 normam
687 973 909 1035 accuratissime
929 973 1062 1035 exacturi
1075 973 1152 1050 sint,
1166 992 1265 1053 neque
1275 975 1373 1056 quid-

223 1088 315 1148 quam
337 1071 512 1150 preterituri
530 1081 634 1133 eorum
648 1069 799 1147 omnium,
818 1088 883 1150 quae
895 1072 957 1132 Nos
974 1069 1087 1132 ibidem
1105 1078 1227 1132 maturo
1244 1072 1372 1133 consilio

224 1170 387 1232 constituta
409 1171 628 1234 mandavimus.
643 1171 735 1232 Aliter
759 1171 839 1231 enim
860 1170 996 1250 indignos
1015 1171 1105 1250 plane
1124 1170 1295 1248 judicares,
1320 1171 1372 1250 qui

137 1321 139 1325 ,
223 1276 275 1330 tua
288 1270 401 1348 gratia,
413 1279 466 1332 tuo
484 1268 652 1352 patrocinio
670 1268 850 1330 fruerentur.
866 1269 953 1342 Quod
963 1287 1034 1333 vero
1053 1268 1147 1350 petis,
1166 1275 1201 1330 ut
1212 1268 1372 1330 contessa-

174 1383 176 1387 *
223 1364 301 1426 rium
314 1373 412 1440 tuum,
433 1368 484 1448 qui
497 1387 534 1428 ox
547 1367 598 1429 illo
609 1365 713 1426 ordine
729 1365 800 1441 tuit,
816 1365 847 1426 in
861 1364 1021 1427 vicariatus
1032 1363 1189 1445 apostolici
1202 1381 1257 1444 per
1271 1365 1373 1424 Saxo*

222 1461 278 1522 nie
291 1464 486 1526 electoratum
501 1480 626 1523 munere
641 1461 866 1532 confirmemus,
887 1476 1063 1540 persuasum
1081 1460 1135 1522 tibi
1155 1461 1294 1541 primurn
1312 1461 1371 1522 boc

222 1559 272 1634 sit,
287 1559 478 1625 vehementer
497 1559 647 1640 cupimus,
662 1557 825 1619 maximam
842 1575 906 1620 esse
923 1564 1031 1621 nostrae
1050 1558 1089 1620 ad
1104 1558 1159 1619 tibi
1176 1558 1206 1619 in
1229 1558 1371 1618 omuibus

221 1659 451 1736 gratificandum
463 1659 624 1721 voluntatis
636 1658 871 1734 inclinationem,
886 1657 938 1719 sed
948 1675 1018 1719 cnm
1034 1658 1090 1718 iste
1103 1657 1265 1719 vicariatus
1278 1657 1368 1719 Nobis

221 1754 342 1832 ignotus
356 1756 456 1833 luerit,
471 1775 567 1837 neque
580 1755 746 1836 quidquam
756 1756 793 1817 de
803 1775 840 1818 eo
851 1755 890 1817 sit
900 1757 1047 1819 hactenus
1059 1775 1187 1836 usquam
1200 1764 1366 1837 repertum.

141 1897 144 1913 .
221 1850 279 1911 etsi
291 1852 418 1931 plurima
428 1851 561 1914 adhibita
571 1858 650 1915 essct
660 1852 689 1913 in
700 1852 860 1932 querendo
870 1852 1021 1932 diligentia
1029 1852 1102 1914 iisin
1114 1852 1199 1929 locis,
1211 1871 1246 1914 ex
1257 1850 1368 1931 quibus

222 1949 347 2010 solemni
362 1950 459 2012 forma
480 1968 515 2011 ac
528 1950 644 2011 ratione
658 1967 799 2011 emanare
807 1949 926 2025 debuit,
939 1967 1047 2029 resque
1061 1948 1238 2028 huiusmodi
1250 1948 1369 2034 gravis-

221 2046 289 2106 simi
301 2048 444 2109 momenti
460 2064 494 2108 ac
512 2047 650 2108 maximas
667 2045 894 2125 consultationis
906 2046 956 2123 sit,
971 2064 1009 2107 ne
1022 2046 1097 2126 quid
1110 2047 1187 2110 forte
1204 2045 1368 2109 inducatur

220 2142 301 2220 novi,
312 2151 508 2224 receptusque
520 2160 674 2204 sacrarum
685 2161 786 2204 rerum
799 2149 895 2205 status
904 2148 993 2223 atque
1004 2141 1079 2205 ordo
1090 2144 1295 2223 perturbetur,
1311 2162 1370 2224 pa-

220 2246 296 2316 tere,
307 2240 495 2303 dilectissime
504 2242 535 2301 iu
544 2240 659 2301 Christo
669 2238 710 2300 iili
720 2246 834 2317 noster,
845 2245 879 2302 ul
888 2246 1034 2320 quantum
1044 2248 1214 2303 uecesseest
1226 2241 1317 2321 spatii
1330 2240 1368 2302 ad

221 2336 447 2401 deliberandum
459 2339 552 2401 Nobis
566 2357 738 2415 sumamus,
752 2356 787 2399 ac
802 2338 886 2418 quod
897 2339 928 2399 in
943 2338 1069 2401 Domino
1085 2338 1244 2416 videbitur,
1258 2338 1369 2400 decer-

221 2433 364 2495 nendum.
383 2439 454 2497 Haec
466 2436 504 2496 ad
516 2443 547 2497 te
560 2453 630 2496 eum
643 2435 674 2496 in
688 2434 813 2497 modum
822 2435 1012 2498 rescribenda
1024 2436 1174 2512 duximus,
1188 2444 1222 2498 ut
1235 2443 1368 2517 parerat

221 2530 342 2593 aNobis
352 2533 403 2613 qui
414 2540 467 2596 tua
478 2533 632 2614 sapientia,
651 2550 687 2594 ac
700 2532 809 2593 eximio
820 2532 851 2593 iu
864 2533 896 2593 S.
908 2531 986 2593 banc
1002 2532 1110 2594 Sedent
1121 2533 1222 2611 studio
1233 2533 1368 2596 maxime

170 2683 175 2702 „
221 2628 287 2689 t'reti
306 2649 420 2707 sumus,
433 2631 543 2712 quique
561 2630 599 2692 de
611 2616 720 2692 virtute
739 2635 791 2690 tua
804 2645 909 2710 parem
920 2628 1066 2691 babemus
1087 2630 1230 2692 fiduciam
1238 2649 1367 2691 summae

220 2726 265 2786 illi
275 2735 408 2808 paterne
419 2728 682 2806 benevolentia,'in
696 2728 782 2806 cujus
798 2727 907 2808 pignus
921 2727 1115 2808 apostolicam
1124 2727 1365 2789 benedictionem

221 2825 286 2902 tibi,
300 2825 488 2889 dilectissime
498 2828 528 2888 in
539 2827 656 2888 Christo
666 2826 708 2889 lili
720 2832 962 2906 noster,tuteque
971 2825 1130 2886 Electorali
1142 2826 1252 2888 Domui
1263 2843 1368 2887 arnan·

220 2923 333 2985 tissime
346 2925 545 3006 impertimur.
560 2926 675 2986 Dotem
684 2926 794 2993 Rome,
805 2930 875 2996 etc,
888 2924 936 2984 dre
947 2927 1128 3000 aljancarii
1143 2935 1227 3000 1774,
1242 2927 1369 3003 pontifi-

220 3029 407 3088 eetnsaostrt
421 3044 500 3086 acco
516 3029 629 3087 euicto.

701 3137 885 3147 ..—.---—-

700 3320 702 3326 y
732 3242 848 3311 cett.

560 3399 689 3442 nuncto
712 3398 799 3441 rltlo
821 3397 927 3441 Nouttt
946 3395 1024 3437 *vtuo

232 3567 247 3594 .
348 3505 541 3565 tunovtco
562 3505 734 3567 ruarmo
756 3503 849 3565 uum
869 3469 1236 3564 wunrnuucaeunsr

496 3596 757 3705 c'nnttnrts
792 3628 924 3703 rara
961 3624 1076 3701 xiv

609 3837 612 3841 γ
945 3777 1042 3835 Romae,
1054 3780 1084 3822 26
1098 3774 1199 3833 januarii
1215 3777 1282 3824 tttt.

259 3875 394 3943 Dilecto,
411 3881 467 3936 ete.
488 3875 652 3936 Plurimum
666 3875 850 3954 voluptatem
873 3891 910 3935 ex
924 3873 983 3935 tuis
1003 3872 1109 3935 titteris
1124 3870 1276 3952 cepimus,
1293 3873 1365 3953 qui·
1438 3876 1443 3887 '

115 3975 118 3981 '
218 3973 275 4033 bus
286 3979 423 4033 nostrum
432 3971 482 4032 de
492 3979 544 4065 tua
554 3973 662 4033 virtute
678 3973 742 4050 J'am
753 3970 872 4052 pridem
884 3977 1065 4052 preceptum
1076 3967 1225 4047 judicium
1236 3968 1365 4030 mirifice

218 4069 413 4131 confirmasti.
436 4069 635 4131 Intelleximus
658 4068 738 4130 enirn
758 4074 788 4129 te
807 4068 939 4135 maximo
958 4066 1109 4147 religionis
1129 4065 1227 4127 studio
1248 4068 1362 4143 teneri,

218 4169 355 4230 Ecclesia
364 4168 454 4229 rebus
461 4168 606 4248 majorem
616 4166 647 4228 in
658 4166 783 4228 modum
793 4165 882 4243 allici,
891 4165 1026 4244 ejusdem
1038 4162 1169 4227 adversis
1178 4162 1259 4243 angi,
1269 4162 1361 4225 laetari

218 4271 357 4331 secundis
375 4288 410 4331 ae
422 4269 495 4330 nihil
515 4267 610 4347 magis
622 4286 748 4348 cupere,
765 4284 857 4347 quam
871 4283 910 4326 ne
925 4264 997 4345 quid
1011 4262 1098 4324 saluti
1112 4262 1283 4323 animarum
1305 4261 1362 4321 ob-

216 4367 317 4445 sistat,
332 4386 428 4449 neque
439 4368 543 4430 divinae
555 4367 655 4447 glorie
668 4366 825 4427 bominum
837 4365 1011 4427 adversetur
1024 4363 1210 4444 perversitas.
1225 4362 1302 4423 Cum
1321 4362 1361 4422 ita

220 4463 320 4524 animo
340 4473 531 4546 comparatus
545 4465 600 4542 sis,
621 4464 736 4525 nullum
756 4482 818 4524 esse
832 4462 957 4524 dubium
974 4461 1066 4523 Nobis
1079 4467 1192 4540 potest,
1209 4460 1282 4538 quin
1303 4459 1361 4519 tuis
