3188 5414
366 500 546 555 Erls'ronllt
564 502 612 555 El*
630 500 763 553 BREvla
783 498 1015 552 SELECTIORA.
1217 500 1265 550 tot

121 611 229 666 tuitioni
250 606 381 677 subjecti,
406 614 433 662 et
444 606 563 663 secundo
575 607 644 661 loco.
665 611 700 662 ur
715 609 745 660 iu
760 608 816 660 iste
837 607 952 658 ciuitate
967 607 993 657 et
1007 603 1118 656 dicaces-t
1130 606 1180 655 tue
1195 606 1268 655 atas-⁴

116 699 227 753 tricae
239 696 347 748 Ditinoi
367 693 506 764 subjectis.
532 694 666 765 Episcopo
688 684 903 758 Litomericensi,
929 691 1062 761 Episcopo
1082 680 1265 759 seccoviensi,

119 784 250 856 Episcopo
275 781 561 854 Reginohradecensi‚
589 783 723 855 Episcopo
750 779 934 846 Laubacensi,
957 778 1092 851 Episcopo
1112 779 1264 848 Gurgensi,

118 872 251 943 Episcopo
268 871 433 938 Larentiae,
454 873 586 944 Episcopo
606 869 778 926 Petinensi..

153 972 245 1042 lnsnp.
261 978 332 1026 mut
345 978 413 1026 mut.
432 968 562 1026 cardinali
576 969 707 1040 llligazaio
719 910 929 1040 archiepiscopo
938 967 1104 1023 Viennensi'
1097 984 1126 1022 ιιι
1139 967 1263 1029 dustria,

115 1067 142 1112 et
152 1058 288 1131 Episcopo
298 1057 447 1113 Vacicensi
464 1056 577 1127 difidei
577 1072 605 1110 es
616 1056 727 1126 Populi,
739 1060 824 1126 quita
834 1061 890 1112 tuis
834 1057 1061 1112 tdioeeesidus
1072 1063 1145 1114 sunt,
1161 1060 1212 1110 etc.
1230 1061 1267 1111 Ut

115 1150 145 1198 ιιι
158 1147 222 1201 istis
232 1143 396 1200 ciuitatibus
407 1149 435 1200 et
446 1143 610 1200 dioecesibus
625 1145 765 1212 tuisAust
765 1146 852 1198 ciccae
864 1147 974 1209 [littorei
985 1143 1125 1212 subjectis,
1139 1147 1190 1197 etc.
1202 1144 1267 1197 Car·

116 1231 201 1287 dinali
210 1231 243 1288 de
255 1231 330 1287 Rodt
340 1233 478 1304 Episcopo
491 1231 703 1288 constantiensi.
723 1236 760 1287 ue
760 1231 860 1302 fideles
873 1231 972 1302 Populi
983 1234 1073 1302 ipsius
1087 1232 1197 1286 Ditiorti
1206 1228 1268 1282 sed-

111 1324 197 1390 jecti,
212 1323 272 1385 etc,
287 1324 372 1392 purte
391 1335 453 1392 quae
465 1323 624 1376 austriaca
643 1321 747 1376 ditioni
760 1319 924 1390 subjicitur,
940 1325 992 1375 etc.
1008 1318 1145 1376 cardinali
1161 1318 1196 1374 de
1210 1323 1265 1375 llo-

115 1411 170 1467 lran
183 1411 317 1482 Episcopo
328 1413 561 1482 Argerrtoratansi.
577 1410 717 1481 tltfldeies
727 1409 827 1480 Populi
842 1413 930 1480 ipsias
947 1413 1058 1464 Ditioer'
1071 1408 1200 1484 sardiecte',
1215 1413 1265 1464 etc.

120 1501 196 1569 Utin
208 1515 245 1554 eo
258 1500 385 1556 dioecesis
395 1500 450 1556 tua
460 1506 556 1572 parte,
571 1516 631 1572 puae
645 1503 807 1556 Austeiucae
821 1503 928 1555 Dittoraa'
942 1498 1098 1569 srtdjr'cttur.
1111 1497 1254 1568 Arclriepis

79 1579 82 1584 ’
115 1603 184 1657 copo
195 1589 333 1658 pragensi.
354 1589 494 1660 Utfideles
510 1589 610 1660 Populi
625 1592 712 1659 ipsius
728 1591 836 1643 Ditioui
853 1588 980 1658 subjecti,
994 1591 1047 1643 etc.
1066 1592 1101 1644 ut
1115 1591 1144 1642 ia
1157 1591 1213 1642 istc
1227 1593 1266 1644 ci-

116 1680 218 1740 uitate,
233 1693 269 1731 ec
282 1680 314 1731 io
328 1681 366 1730 tis
385 1677 573 1733 dioeceststuae
584 1678 665 1740 iocis,
679 1679 728 1748 qui
741 1679 907 1749 Austriocae
921 1678 1030 1731 Dittooi
1042 1676 1169 1731 subruat.

151 1773 259 1829 Vicerin
270 1773 413 1844 capitulari
421 1773 553 1831 Ecclesia
562 1773 777 1845 Menopolitanee
789 1773 993 1844 strigoniensis,
1009 1773 1116 1829 vicario
1126 1775 1267 1846 capitulari

116 1862 245 1919 Ecclesiae
252 1860 420 1918 Cathedralrs
428 1863 616 1936 Syrmrcensrs
625 1861 731 1917 Vrcarro
739 1860 880 1934 capitulari
890 1861 1018 1917 Ecclesiae
1028 1861 1267 1918 CatlredralisTor·

117 1950 260 2015 trecensis,
274 1949 380 2005 Vrcarro
391 1950 531 2020 capitulari
542 1950 670 2004 Ecclesiae
678 1942 847 2004 cathedralis
856 1951 1061 2010 Vamurcensrs
1077 1952 1186 2008 Vrearro
1195 1970 1267 2025 capr

117 2036 200 2093 tulnri
211 2036 341 2094 Ecclesiae
349 2037 517 2094 cathedralis
530 2035 726 2094 Gandavcnsis
739 2037 880 2106 tltficieter
894 2037 1017 2108 Populi·
1006 2055 1031 2092 es
1033 2043 1086 2094 tius
1105 2043 1229 2096 ciuitatis
1241 2045 1270 2096 et

116 2126 265 2195 caeceris,
281 2131 333 2181 etc.
353 2129 626 2182 ιιιιιιιιιιαιιυιιιιιι
639 2142 673 2180 αι
687 2126 799 2180 dioecesi
814 2131 850 2182 Ν.
869 2130 1027 2182 Austrtecae
1039 2130 1147 2182 Ditioni
1162 2128 1268 2198 subjec-

116 2218 163 2282 ιιι,
176 2219 227 2269 etc.

534 2293 537 2299 .
595 2292 778 2305 ,..-..-....

629 2402 753 2509 CXLV

524 2560 719 2607 venamini
742 2561 857 2603 FRATRI

197 2595 486 2716 BERNARDINO
513 2657 875 2717 ARCHIEPISCOPO
902 2617 1188 2726 DAMASCErto,

436 2763 559 2810 uosnno
582 2763 620 2809 nn
641 2763 844 2811 nrosronlcln
865 2763 952 2810 sams

262 2858 346 2904 APUD
363 2857 663 2905 eflulsrlsltlsslslunt
680 2858 787 2905 REGEM
804 2858 977 2905 ORDINARIO
994 2858 1110 2904 NUNTIO

431 2952 665 3087 crunnus
693 2923 821 3028 rael
849 2953 956 3049 mv,
1112 2924 1113 2927 ‘

911 3104 1007 3160 Romae,
1021 3103 1046 3148 17
1056 3099 1109 3161 julii
1125 3105 1190 3152 1771.

165 3210 376 3279 Venerabilis,
408 3217 461 3270 etc.
479 3211 663 3291 Propinquat
688 3210 752 3287 jam
779 3215 918 3290 tempus,
946 3206 1129 3268 Venerabilis
1154 3209 1269 3284 Frater,

117 3325 179 3386 qno
203 3306 451 3369 dilectissima'in
474 3307 591 3367 Glrristo
612 3305 673 3367 filia
689 3313 791 3367 nostra
814 3306 936 3386 Aloysia
955 3304 1066 3382 illaria,
1085 3305 1176 3386 Regia
1204 3306 1272 3366 Gal-

118 3390 227 3466 liarum
241 3404 437 3486 Principissa,
461 3404 613 3485 completo
630 3402 675 3464 sui
700 3403 836 3484 tyrocinii
860 3403 1108 3465 'annoSolemnia
1123 3410 1179 3486 pe'r
1198 3404 1272 3464 reli-

118 3504 234 3582 giosam
251 3501 467 3581 professionem
484 3509 554 3563 vota
566 3501 596 3561 in
610 3501 667 3561 isto
679 3502 710 3559 S.
726 3499 858 3580 Dionysii
872 3500 1100 3562 Carmelitarnm
1113 3499 1272 3579 Virginnm

10 3658 13 3663 .
120 3599 302 3662 monasterio
324 3599 519 3678 nuncupabit.
534 3601 598 3673 Qua
614 3597 739 3678 quidem
753 3597 870 3658 actione
887 3597 1024 3677 perfungi
1038 3597 1184 3676 majorem
1206 3599 1272 3678 ipsa

120 3702 149 3760 in
163 3699 286 3760 modum
296 3705 431 3783 exoptat,
446 3697 607 3760 mirificum
616 3696 968 3760 exhibituraconstantiae
979 3713 1040 3756 suae
1053 3696 1085 3756 in
1095 3702 1269 3776 contemptu

120 3796 240 3873 mundi,
254 3816 289 3857 ac
304 3797 334 3856 in
349 3796 453 3858 Christ
433 3803 456 3856 ιι
471 3797 577 3876 Sponsi
589 3793 802 3874 conjunctione
827 3791 1054 3855 documentum.
1070 3795 1124 3855 llla
1135 3793 1271 3874 prolecto

120 3894 170 3955 die
191 3894 263 3972 erit,
275 3902 309 3954 ut
323 3893 353 3953 in
368 3892 459 3984 Regia
472 3893 594 3987 Virgine
609 3890 705 3953 solida
717 3897 813 3970 atque
830 3887 943 3951 invicta
955 3896 1013 3951 ιιι
1014 3909 1049 3951 us
1060 3891 1271 3971 ,elsapientia
1350 3947 1357 3955 .

120 3992 325 4074 triumphare,
352 4010 386 4052 ac
405 3989 524 4071 pompis
547 3982 688 4051 omnibns
715 3988 803 4066 longe
830 3986 1054 4050 anteferendum
1076 4007 1152 4050 uerae
1169 3990 1271 4069 gloriae
1343 4048 1351 4071 Χ

120 4091 213 4150 decus
226 4110 288 4171 prae
303 4109 335 4153 se
352 4090 431 4151 ferre
445 4088 593 4150 videatur
610 4085 715 4148 lllam
708 4103 806 4167 ipsam
817 4085 878 4146 Nos
889 4085 969 4147 diem
980 4105 1125 4151 exornare
1140 4088 1270 4151 maxime

121 4196 212 4268 atque
225 4187 388 4264 illustrare,
404 4191 552 4266 quantum
564 4184 593 4246 in
605 4184 699 4247 Nobis
710 4191 767 4261 est,
784 4184 934 4266 cupimus,
950 4191 1131 4265 omnemque
1144 4187 1270 4267 proinde

120 4284 249 4360 decoris,
265 4303 301 4345 ac
310 4283 477 4364 splendoris
491 4283 647 4349 cumulum
661 4282 820 4344 Pontificio
832 4291 936 4345 nostro
958 4285 1095 4361 nornine,
1107 4303 1177 4346 cum
1192 4305 1270 4366 prae·

120 4389 220 4444 sentes
231 4381 287 4462 ipsi
300 4400 364 4444 esse
381 4400 583 4463 nequeamus,
599 4381 772 4460 adjungere.
787 4383 974 4463 Quapropter
994 4381 1143 4464 praeterito
1163 4403 1269 4466 qnem-

122 4481 287 4544 admodum
315 4500 398 4543 anno
421 4482 450 4543 in
475 4484 551 4544 sacri
578 4481 699 4543 habitus
727 4479 907 4561 suscipiendi
931 4480 1102 4541 celebritate
1127 4481 1267 4559 fecimus,

1126 4589 1168 4636 lt.
