3188 5414
226 497 278 545 230
553 494 557 499 “
641 491 858 547 annuentis
876 493 942 545 xlv

225 603 360 657 mentum
371 595 572 675 apostolicam
592 595 832 659 benedictionem
843 597 1031 658 Fraternitati
1046 604 1104 660 luae
1115 606 1311 678 peramanter
1323 601 1379 663 ine

226 690 381 770 pertimur.
398 692 648 762 natumrnomae,
669 697 742 764 ete,
759 694 808 753 die
821 698 920 771 primu
933 699 1057 772 accorti
1073 705 1161 773 1772,
1179 701 1379 774 pontificatus

224 796 323 854 nostri
334 809 415 853 anan
426 796 542 870 quarto.

729 1014 852 1086 CCVll.

631 1173 823 1221 vanauaattt
844 1173 960 1214 ruerat

345 1280 517 1339 ANTONIO
538 1280 712 1340 encauto
732 1278 1032 1338 ARCHIEPISGOPO
1053 1279 1247 1342 EPHESINO

257 1405 432 1452 ounrunno
447 1404 582 1464 uosmo,
599 1405 639 1451 ur
654 1404 858 1452 mosrourcn
875 1404 963 1451 senis
980 1403 1013 1451 ur
1028 1403 1189 1452 omniura
1205 1405 1341 1466 nurum,
1385 1432 1388 1439 ·
1430 1401 1433 1408 '

532 1504 767 1584 CLEMENS
796 1508 925 1583 PAPA
953 1505 1060 1584 XIV.

840 1659 899 1705 Arce
911 1653 1059 1717 (laudulphi,
1073 1657 1100 1702 17
1115 1653 1221 1702 octobris
1240 1659 1312 1705 1772.

266 1761 463 1832 Venerabilis,
476 1768 534 1821 etc.
546 1764 590 1821 Ex
603 1762 709 1822 litteris
721 1761 781 1823 tuis
797 1767 827 1823 et
842 1779 880 1822 ex
893 1760 966 1822 folio
984 1778 1003 1823 a
1017 1758 1074 1820 Dil.
1088 1757 1164 1820 Filio
1181 1757 1285 1851 llobili
1305 1761 1378 1823 Viro

220 1857 358 1937 Principe
371 1857 409 1918 de
427 1858 555 1919 Kauuitz
575 1865 676 1920 tecum
687 1859 928 1935 communicato,
944 1863 1034 1938 atque
1055 1875 1074 1919 a
1093 1862 1123 1916 te
1147 1854 1187 1919 ad
1200 1856 1263 1918 Nos
1280 1863 1378 1921 trans

220 1952 329 2029 misso,
354 1953 539 2014 Venerabilis
562 1955 677 2032 Frater,
704 1955 900 2034 eognovimus
931 1953 1092 2015 consilium
1116 1970 1134 2014 a
1161 1951 1323 2016 carissima
1348 1955 1376 2016 in

221 2048 337 2111 Christo
365 2050 426 2111 tilia
456 2057 560 2112 nostra
590 2053 687 2114 Maria
706 2053 847 2116 Theresia
874 2052 1033 2132 Hungaria
1057 2049 1172 2130 Regina
1198 2052 1381 2131 Apostolica

219 2163 335 2207 necnon
351 2146 501 2208 Bohemia
515 2148 628 2227 Regina
640 2149 750 2210 illustri
762 2149 792 2210 in
806 2150 1016 2211 Romanorum
1028 2146 1255 2228 Imperatrioem
1271 2149 1378 2213 Electa

219 2241 319 2304 Vidua
331 2243 457 2322 initum,
471 2262 533 2323 quo
552 2245 739 2324 expluribus
757 2231 947 2314 monasteriis
964 2250 995 2306 et
1008 2243 1205 2306 conventibus
1221 2243 1261 2305 ad
1275 2245 1377 2306 Olive-

219 2345 317 2416 tanoS,
329 2339 577 2420 Hieronyminos,
597 2348 628 2402 et
641 2341 716 2402 alios
735 2341 949 2421 Longobardiae
962 2340 1128 2403 Austriaoae
1143 2339 1267 2407 ordines
1286 2360 1377 2422 speo-

219 2433 354 2496 tantibns
366 2436 507 2516 componi
525 2443 649 2517 possent
667 2437 781 2518 aliquot
799 2439 960 2518 ampliores
974 2445 1005 2500 et
1021 2456 1148 2500 numero
1159 2437 1373 2519 religiosorum

220 2530 369 2592 auctiores
389 2532 527 2609 familiae,
549 2540 582 2593 ut
605 2534 648 2594 ita
665 2553 702 2595 ex
721 2536 922 2616 plurimorum
944 2534 1156 2614 conjunctione
1173 2541 1205 2595 et
1224 2534 1376 2615 religiosa

220 2627 384 2709 discipline
396 2629 564 2690 accuratior·
574 2630 764 2693 observantia
776 2640 806 2695 et
817 2634 914 2695 eidem
927 2633 1154 2695 accommodata
1164 2631 1376 2696 doctrinarum

219 2724 319 2786 studia
333 2722 397 2786 'non
412 2725 475 2786 sine
495 2726 592 2787 multa
604 2726 769 2789 eorundem
785 2729 925 2790 ordinum
944 2729 1033 2792 laude
1056 2737 1086 2791 et
1106 2729 1230 2810 publica
1244 2732 1375 2794 utilitate

219 2823 340 2884 uberius
354 2823 593 2887 efflorescerent:
611 2844 794 2907 magnopere
808 2828 881 2889 item
890 2847 1000 2910 cupere
1012 2828 1202 2906 Maiestatem
1216 2830 1314 2890 Suam
1327 2831 1376 2892 vi-

219 2920 336 3001 dimus,
348 2929 382 2983 ut
398 2923 499 3004 aliqua
518 2943 589 3005 pars
609 2924 761 2987 redituum
787 2927 826 2988 ad
847 2927 971 2990 eosdem
994 2927 1113 2988 ordines
1135 2926 1374 3007 pertinentium,

217 3038 284 3097 quae
293 3027 453 3099 postquam
469 3022 609 3083 omnibus
621 3021 750 3102 religiosi
765 3030 861 3085 status
870 3023 973 3092 usibus
986 3023 1140 3101 decenter,
1150 3025 1376 3105 commodeque

219 3115 257 3175 sit
269 3115 465 3194 satisfactum,
479 3117 607 3198 supersit
626 3137 662 3178 ac
677 3118 840 3197 redundet,
858 3118 897 3179 ad
919 3119 993 3180 alias
1008 3119 1249 3200 opportunitates
1264 3121 1376 3181 tradu-

220 3217 318 3286 catur,
338 3217 369 3270 et
392 3212 453 3272 sive
475 3213 658 3294 pauperibus
679 3215 885 3292 sublevandis,
907 3217 969 3277 sive
992 3215 1197 3296 parochorum
1219 3215 1372 3294 subsidio,

218 3307 280 3366 sive
295 3306 359 3367 aliis
379 3308 437 3387 piis
451 3310 592 3388 operibus
607 3311 774 3374 addicatur.
790 3315 883 3375 Suam
896 3314 1020 3376 demum
1030 3313 1222 3392 Maiestatem
1233 3332 1290 3395 pro
1304 3316 1374 3376 sin-

217 3406 314 3485 gulari
328 3423 384 3466 sua
401 3407 562 3484 religione,
577 3414 607 3468 et
626 3409 804 3488 Apostolicae
822 3411 907 3472 Sedis
925 3411 1092 3472 reverentia
1106 3410 1172 3473 fieri
1190 3410 1375 3473 haecomnia

218 3505 293 3566 velle
311 3504 398 3582 juxta
415 3505 632 3568 ecclesiasticas
647 3506 819 3568 sanctiones
833 3508 891 3568 hac
903 3509 934 3568 S.
951 3506 1026 3568 Sede
1038 3506 1243 3569 consentiente
1257 3514 1290 3568 et
1303 3527 1375 3589 pro

216 3605 325 3680 bente,
341 3622 377 3665 ac
396 3603 522 3684 proinde
536 3611 641 3686 optare
660 3624 696 3667 ac
710 3605 860 3686 flagitare,
873 3612 907 3666 ut
919 3624 980 3686 quo
996 3605 1131 3686 paratius
1147 3623 1182 3666 ac
1196 3607 1374 3688 promptius

219 3704 257 3765 ad
272 3704 386 3765 exitum
398 3703 521 3783 perduci
536 3703 700 3785 respossit,
719 3704 786 3778 tibi,
799 3701 984 3763 Venerabilis
993 3703 1108 3778 Frater,
1122 3701 1160 3765 de
1172 3700 1220 3762 bis
1232 3702 1373 3783 agendis,

218 3799 368 3863 statuendi
381 3807 470 3880 atque
480 3801 587 3863 eadem
597 3800 765 3862 executioni
779 3801 871 3862 etiam
884 3807 918 3861 ut
931 3799 1112 3860 mandentur
1123 3799 1249 3877 jubendi
1260 3818 1374 3882 oppor-

217 3904 307 3957 tunas
322 3915 358 3956 ac
379 3897 562 3958 necessarias
575 3896 733 3958 facultates
750 3896 963 3958 concedamus.
976 3898 1037 3957 Nos
1049 3896 1151 3976 itaque
1168 3896 1374 3977 intelligentes

217 3995 308 4054 linem
331 4013 349 4054 a
369 3993 525 4055 carissima
544 3993 575 4053 in
592 3995 710 4057 Christo
729 3993 791 4054 filia
809 3999 911 4054 nostra
928 3993 984 4054 sibi
1003 3993 1193 4075 propositum
1212 3993 1242 4054 iu
1259 3993 1374 4072 liujus-

216 4091 297 4152 modi
316 4089 475 4171 postulatis
486 4090 579 4150 Nobis
595 4090 738 4153 iaciendis
750 4092 877 4153 obtineri
894 4111 930 4153 ea
944 4092 1060 4154 ratione
1077 4110 1165 4172 posse
1175 4092 1374 4171 quaeeximiae

216 4189 281 4264 ejus
294 4189 409 4268 pietati,
423 4194 454 4249 et
469 4189 610 4266 Augusta
622 4193 734 4251 Domus
746 4189 881 4269 religioni
896 4191 1054 4251 conveniat
1061 4213 1071 4268 ;
1083 4189 1212 4270 proinde
1226 4189 1309 4253 illius
1320 4191 1373 4254 de

218 4283 349 4363 sideriis,
363 4285 465 4365 quoad
484 4286 515 4347 in
533 4286 661 4348 Domino
674 4305 846 4368 possumus,
861 4288 985 4367 obsequi
1003 4288 1154 4364 volentes,
1169 4292 1224 4349 tua
1238 4287 1372 4367 virtute,

217 4380 373 4443 sedulitate
391 4403 426 4444 ae
439 4382 600 4464 prudentia
618 4382 685 4445 freti
702 4383 768 4462 tibi,
783 4383 968 4445 Venerabilis
982 4386 1098 4460 Frater,
1113 4382 1282 4463 apostolica
1294 4403 1372 4445 auc-

216 4477 337 4537 toritate
351 4480 543 4542 concedimus
559 4487 648 4562 alque
663 4472 851 4562 impertimur
863 4501 914 4543 eas
929 4481 1086 4543 facultates
1098 4499 1216 4559 omues,
1234 4499 1303 4560 qua
1316 4498 1371 4540 rc-
