3188 5414
216 514 272 566 ¹25⁰
483 503 486 511 ⁴
648 506 851 560 ClrlilllEli'llS
870 504 935 559 xlv

223 615 382 696 singularis
393 620 445 676 tua
454 613 550 695 pietas
560 659 568 689 ,
580 613 638 672 hoc
649 611 740 672 divini
756 611 854 674 cultus
868 609 968 687 ardor,
980 609 1039 672 hoc
1048 608 1165 691 imperii
1174 609 1328 689 dignitas,
1343 617 1371 671 ct

216 730 327 775 nomen
348 710 430 792 quod
452 707 580 770 sustines
602 709 745 788 postulat.
766 707 854 768 Nulla
868 725 900 767 re
915 706 1051 787 prolecto
1070 707 1178 768 melius
1197 712 1256 766 tua
1278 712 1372 785 atque

215 807 442 889 Angustissirne
452 813 510 868 tue
520 809 633 868 Domus
640 803 913 880 felicitaticonsuli,
929 822 965 865 ac
973 803 1123 884 provideri
1136 803 1191 865 abs
1205 808 1236 863 te
1244 801 1369 882 poterit.

216 905 247 966 Si
260 905 340 966 enirn
353 905 405 966 Dei
424 902 568 966 altissimi
581 901 770 984 providentia
788 920 823 963 ac
850 907 926 962 nutu
944 919 1064 981 regom,
1078 918 1307 981 regnumque
1323 919 1372 961 res

217 1010 247 1064 et
264 1009 429 1078 mutantur,
445 1008 475 1063 et
489 1000 683 1077 sustinentur,
702 1019 770 1080 quaa
781 1000 881 1080 potior
899 998 992 1061 divini
1008 997 1189 1061 eonciliandi
1206 997 1369 1078 patrocinii

209 1087 275 1159 'orit
287 1097 365 1158 ratio
375 1142 383 1173 ,
393 1114 486 1177 quam
498 1097 522 1158 si
534 1115 607 1178 opes
619 1115 654 1158 ac
667 1095 835 1177 potentiam
849 1095 928 1157 illius
941 1094 1089 1158 beneficio
1101 1101 1244 1175 acceptas
1258 1093 1291 1154 in
1302 1092 1368 1170 ejus

218 1194 309 1255 etiarn
327 1192 437 1254 tuenda
455 1194 551 1273 gloria
565 1193 727 1271 adhibeas,
748 1193 890 1274 illamque
904 1192 996 1257 rebus
1014 1192 1155 1255 omnibus
1177 1189 1329 1252 anteferre
1340 1197 1369 1250 ta

219 1290 407 1373 profiteare?
428 1291 568 1370 Magnam
587 1290 641 1352 tibi
670 1290 854 1352 alacritatem
879 1289 1019 1358 adhunc
1047 1289 1199 1370 egregiam
1224 1287 1365 1367 religioni

218 1386 388 1450 navandam
398 1404 523 1467 operam
537 1386 658 1465 adiiciat
667 1387 758 1447 etiam
777 1386 918 1466 cogitatio
929 1385 1052 1447 infinitae
1063 1404 1099 1447 ac
1110 1385 1267 1446 immensa
1282 1384 1366 1445 cala-

217 1483 331 1545 mitatis
351 1502 416 1562 quaa
435 1484 635 1562 autneglocta
648 1483 728 1544 illius
744 1483 855 1560 tutela,
879 1489 932 1544 aut
951 1482 1120 1544 remissiore
1134 1495 1230 1561 quarn
1246 1498 1368 1542 neccsse

218 1587 283 1641 erat
293 1577 393 1642 studio
402 1578 532 1660 prestita
541 1577 627 1640 facile
637 1586 714 1640 esset
725 1578 930 1641 redundatura
939 1597 1010 1640 curn
1020 1579 1101 1640 malo
1111 1578 1142 1639 in
1152 1578 1219 1639 dies
1225 1572 1369 1658 gliscente

219 1695 280 1738 non
301 1676 399 1738 solum
417 1675 454 1737 de
473 1675 696 1753 imminuendo,
716 1695 752 1737 ac
762 1675 966 1754 debilitando,
986 1675 1039 1737 sed
1060 1675 1099 1737 de
1114 1674 1220 1736 divino
1232 1675 1325 1745 cultu,
1337 1674 1367 1734 iu

220 1773 438 1837 florentissimis
458 1781 545 1836 antea
558 1775 698 1836 Ecclesia
712 1775 882 1854 regionibus
893 1774 1018 1841 omnino
1033 1771 1162 1834 delendo
1170 1816 1180 1850 ,
1201 1789 1238 1833 ac
1249 1777 1368 1852 propte

218 1891 270 1935 rea
284 1873 321 1935 de
334 1877 446 1934 aeterna
461 1872 723 1953 innumerabilium
737 1874 907 1936 animarum
920 1871 1101 1934 incurrenda
1113 1869 1267 1951 pernicie,
1282 1875 1366 1948 amno

218 1988 352 2031 arumna
365 1969 464 2031 timeri
475 1970 581 2050 possit.
597 1972 673 2033 Cum
685 1978 787 2032 tecum
800 1971 867 2051 ipsa
883 1968 1038 2051 reputabis
1051 1967 1103 2048 qui
1118 1967 1211 2028 animi
1229 1983 1366 2046 angores,

218 2086 283 2146 quae
296 2067 485 2131 conscientia
499 2073 558 2130 tue
571 2068 785 2133 sollicitudines
800 2074 918 2148 essent,
932 2069 957 2129 si
977 2067 1138 2149 aliquando
1154 2068 1202 2128 vel
1217 2067 1367 2129 levissima

218 2165 366 2228 dubitatio
391 2166 520 2228 residere
545 2166 575 2226 in
602 2172 633 2228 ta
660 2173 779 2247 posset,
805 2183 845 2227 no
873 2170 933 2242 ea,
958 2182 1034 2245 quas
1060 2162 1368 2224 commemoravimus

219 2263 349 2324 Poloniaa
363 2263 550 2324 calamitates
563 2281 581 2324 a
593 2263 731 2343 prasenti
752 2262 831 2323 illius
850 2267 951 2338 statu,
971 2279 1007 2322 ac
1023 2276 1126 2321 rerum
1145 2258 1367 2332 vicissitudine,

219 2367 271 2419 aut
280 2377 317 2420 ex
325 2378 385 2421 non
395 2366 545 2440 suscepto,
553 2367 666 2439 quanta
674 2360 807 2421 maxima
817 2377 902 2438 cura,
916 2365 1005 2439 atque
1015 2357 1161 2440 industria
1168 2357 1283 2437 suscipi
1288 2363 1369 2437 pote·

218 2461 266 2517 rat
277 2456 428 2536 religionis
440 2457 608 2537 patrocinio
627 2457 926 2533 derivarint,sedulo
945 2476 981 2520 ac
994 2457 1109 2518 naviter
1127 2456 1284 2518 amovebis
1302 2475 1370 2537 pro·

219 2553 299 2614 lecto
311 2555 600 2633 omneshujusmodi
618 2555 722 2632 ettui,
741 2562 772 2616 et
794 2556 888 2617 nostri
909 2556 1046 2618 moeroris
1065 2573 1193 2632 causas,
1216 2563 1250 2617 et
1266 2555 1368 2617 divina

218 2651 313 2730 gloria
330 2658 442 2714 asserta
458 2652 814 2734 perpetuaejucunditatis
829 2653 883 2714 tibi
901 2653 1018 2715 fructus
1034 2652 1239 2734 comparabis.
1270 2656 1365 2714 Deum

218 2750 370 2830 Optimum
384 2749 547 2812 Maximum
570 2769 742 2841 precamur,
758 2757 792 2812 ut
813 2751 844 2812 in
865 2750 913 2812 bis
934 2751 1088 2831 religioni,
1114 2758 1204 2831 atque
1227 2749 1374 2813 Ecclesia

218 2847 447 2926 pernecessariis
473 2848 528 2910 tibi
558 2849 750 2927 utilissimis,
779 2847 896 2930 sibique
928 2848 1143 2929 acceptissimis
1170 2848 1365 2930 perficiendis

216 2944 347 3006 consiliis
358 2964 419 3007 suaa
431 2945 558 3008 ooelestis
567 2946 670 3026 gratia
689 2945 799 3008 auxilio
816 2946 964 3027 blajestati
979 2949 1053 3008 Tura
1066 2953 1176 3029 prosto
1188 2967 1257 3011 esse
1271 2950 1344 3012 velit
1361 2975 1368 3010 :

216 3048 246 3102 et
268 3041 437 3103 divinorum
459 3042 675 3105 beneficiorum
696 3043 848 3123 auspicem
870 3061 905 3104 ac
918 3043 1081 3106 Pontificio
1104 3043 1266 3124 singularis
1291 3045 1321 3107 in
1338 3053 1369 3107 te

216 3138 348 3199 caritatis
361 3138 468 3218 pignus
483 3141 680 3220 apostolicam
688 3139 927 3202 benedictionem
936 3140 1004 3219 tibi,
1016 3159 1053 3202 ac
1066 3141 1211 3205 universa
1224 3143 1370 3223 Augustae

216 3234 324 3301 Domui
338 3235 540 3298 amantissime
553 3236 753 3317 impertimur.
769 3240 884 3300 Datum
898 3241 1011 3310 Roma,
1022 3243 1104 3320 opud
1118 3244 1150 3304 S.
1169 3245 1293 3304 Petram
1306 3247 1367 3304 sub

219 3331 341 3397 Annulo
350 3334 524 3409 Piscatoris,
535 3334 630 3393 dieto
640 3338 745 3396 martii
756 3345 842 3412 trit,
853 3341 1047 3416 pontificatus
1055 3343 1233 3404 restrium
1240 3349 1369 3421 quarto.

717 3576 855 3647 CCXXI.

474 3733 637 3775 cnnrssnro
657 3731 690 3775 ru
713 3733 849 3776 cnnrsro
872 3735 963 3778 r1n10
986 3737 1104 3779 nosruo

339 3839 524 3901 VICTORIO
542 3839 706 3900 AMADEO
727 3840 922 3900 SARDlNlAE
941 3842 1036 3903 REGI
1057 3829 1239 3903 ILLUSTlll

521 3961 755 4040 crunnus
783 3964 913 4044 rnen
941 3944 1047 4042 xm.

979 4117 1077 4174 llornae,
1094 4118 1121 4163 27
1134 4113 1215 4163 martii
1231 4116 1302 4164 rm.

260 4225 501 4295 Carissimc,etc.
512 4219 647 4300 Diligenti
659 4239 694 4283 ac
703 4221 807 4283 sedula
814 4221 915 4284 dilecti
925 4222 976 4283 dlii
985 4222 1136 4285 Laurentii
1144 4223 1263 4285 Morelli
1273 4242 1373 4305 opera

219 4320 264 4384 usi
281 4338 384 4382 sumus
398 4320 428 4380 in
442 4318 548 4394 rebus,
569 4336 635 4398 qua
647 4325 754 4381 nostrae
769 4325 799 4380 et
812 4319 902 4397 hujus
918 4321 950 4381 S.
973 4320 1057 4382 Sedis
1075 4319 1274 4399 interessent,
1295 4339 1371 4384 cum

217 4418 255 4478 cl.
272 4435 364 4480 mem.
379 4418 487 4479 Garolo
496 4418 659 4478 Emanuele
670 4415 812 4478 Sardiniae
825 4419 905 4495 Rege
918 4424 1005 4497 patre
1024 4424 1077 4479 tuo
1091 4417 1368 4479 communicandis.

217 4514 282 4586 Quo
302 4530 426 4576 munere
439 4533 475 4576 ea
496 4531 565 4575 curn
579 4513 667 4574 laude
681 4520 727 4575 ost
751 4514 800 4576 ille
814 4512 937 4593 quidem
953 4513 1144 4595 perfunctus,
1165 4519 1197 4576 ut
1210 4519 1243 4576 et
1258 4515 1370 4596 optimi
