3188 5414
221 493 271 544 134
486 517 488 522 -
655 483 861 538 CLEMENTIS
878 482 946 536 xlv
1276 545 1280 550 .

221 590 565 668 benedictionem-vobIs,
575 590 632 652 >lilii
644 589 743 650 dilecti
759 587 879 650 Nobiles
887 587 952 666 viri,
969 591 1162 668 peramanter
1170 582 1377 664 Impertimur.

222 707 337 765 Datum
358 702 481 769 Rome,
498 707 569 770 etc..
587 700 636 758 die
649 701 749 776 prim
771 696 933 758 decembris
956 705 1053 770 1170,
1070 693 1266 771 pontificatus
1280 695 1379 759 nostras

219 819 300 862 ccco
314 798 454 860 secunde.

703 889 885 905 -uuuo-u-—ufl

693 1022 696 1028 ι
738 974 852 1045 CXXI.

677 1122 812 1166 niancso
834 1120 919 1166 risio

523 1220 649 1280 BEDAE
675 1216 838 1280 ABBATI
866 1219 897 1278 S.
929 1216 1063 1278 GALLI

536 1333 770 1413 CLEMENS
786 1333 916 1410 PAPA
931 1329 1037 1407 XIV.

935 1484 1033 1541 Itomae,
1048 1485 1076 1528 15
1090 1478 1224 1529 decenbris
1239 1480 1311 1527 ¹770.

261 1576 400 1644 Dilecta,
416 1580 474 1635 etc.
495 1574 562 1644 Non
575 1579 621 1636 est
636 1592 691 1634 cur
710 1571 931 1651 Nobisgratias
945 1589 1017 1650 agas
1031 1568 1071 1631 ob
1091 1569 1239 1629 donatum
1253 1567 1310 1629 tibi
1324 1587 1376 1630 sa-

220 1688 305 1732 crum
317 1668 458 1750 martyris
472 1688 582 1750 corpus
589 1713 599 1746 ,
611 1687 681 1730 cum
690 1668 840 1751 precipue
848 1667 985 1730 obsecuti
996 1685 1033 1728 ea
1044 1685 1076 1728 re
1086 1668 1180 1731 simus
1192 1665 1296 1728 studio
1305 1685 1376 1747 erga

219 1775 250 1828 te
264 1773 384 1844 nostro,
398 1765 481 1847 quod
493 1765 625 1835 mmime
647 1766 870 1853 inflammatum
881 1771 943 1842 est,
955 1782 1027 1828 cum
1042 1782 1098 1846 per
1109 1762 1256 1827 dilectum
1277 1763 1375 1825 fllium

219 1863 408 1944 Advocatum
422 1863 612 1927 Dominicum
626 1864 816 1946 Calzamigba
829 1863 910 1925 idem
930 1862 1042 1925 idcirco
1060 1881 1079 1924 a
1097 1858 1192 1923 Nobis
1204 1861 1374 1923 accuratis-

220 1961 295 2022 sime
308 1962 484 2042 postulasti,
500 1967 533 2025 ut
545 1962 605 2024 hoc
621 1967 743 2025 assertas
754 1962 952 2025 sanctissime
967 1961 1075 2024 Christi
1089 1960 1158 2023 lidei
1174 1968 1375 2025 monumento

220 2057 347 2119 istorum
364 2059 546 2141 populorum
563 2064 595 2121 et
609 2059 701 2121 fldem
717 2059 930 2137 confirmares,
947 2066 979 2122 et
997 2058 1133 2122 divinum
1147 2060 1283 2137 cultum,
1299 2060 1373 2122 reli-

218 2156 338 2234 gionem
352 2173 388 2216 ac
403 2154 546 2236 pietatem
561 2174 694 2236 augeres.
707 2155 793 2230 Quod
809 2162 840 2218 te
860 2175 915 2238 pro
930 2163 983 2220 tua
996 2156 1196 2220 solllcitudine
1207 2176 1245 2220 ac
1259 2158 1374 2221 seduli-

219 2257 280 2311 tate
296 2257 472 2313 curaturum
488 2270 559 2312 cum
580 2269 641 2313 non
659 2251 848 2331 dubitemus,
871 2271 933 2314 non
956 2253 1055 2316 minus
1077 2253 1170 2317 Nobis
1185 2254 1258 2335 ipsis
1279 2274 1374 2336 quam

219 2349 272 2410 tibi
296 2350 353 2411 illae·
372 2351 433 2412 Nos
457 2349 615 2429 largitione
635 2346 813 2411 satisfecisse
835 2340 1028 2412 arbitramur.
1052 2351 1177 2413 Accedit
1192 2351 1277 2432 quod
1299 2352 1374 2416 nibil

217 2446 332 2524 gratius
345 2446 438 2515 Nobis
458 2464 524 2508 esse
546 2450 663 2526 potest,
680 2463 773 2526 quam
793 2464 864 2508 cum
884 2453 1042 2527 paternam
1054 2454 1191 2510 nostram
1212 2446 1375 2509 caritatem

218 2561 279 2603 nou
299 2542 443 2605 mediocri
453 2543 553 2622 aliquo
568 2541 679 2603 indicio
690 2560 795 2605 revera
805 2541 995 2605 declaramus
1010 2543 1047 2605 iis
1060 2545 1111 2625 qui
1126 2544 1250 2606 filialem
1260 2543 1302 2606 de
1315 2545 1375 2606 No-

218 2639 266 2700 bis
289 2640 451 2722 plurimam
474 2639 668 2723 praescierunt
687 2639 847 2716 fiduciam3
864 2659 935 2702 cum
948 2640 1050 2702 debita
1069 2660 1142 2721 erga
1161 2641 1374 2722 Apostolicam

218 2737 326 2801 Sedem
336 2739 526 2811 observantia
539 2745 571 2800 et
581 2738 641 2800 lide
655 2739 859 2818 conjunctam.
874 2738 960 2801 Unde
970 2739 1058 2801 facile
1069 2737 1251 2819 cognoscere
1265 2747 1373 2819 potes,

217 2836 325 2899 dilecte
336 2823 508 2918 'filisquam
521 2836 639 2917 prolixa
659 2836 714 2915 sit,
728 2843 759 2898 et
771 2837 927 2900 cumulata
944 2843 1048 2899 nostra
1065 2857 1137 2918 erga
1157 2844 1187 2898 te
1210 2838 1372 2916 voluntas,

216 2941 424 3016 quantumque
442 2935 560 3017 placeat
572 2933 666 2997 Nobis
677 2939 710 2996 ut
719 2953 838 2996 sacrum
854 2934 929 2997 illud
942 2953 1053 2997 munus
1066 2941 1177 2996 nostrae
1191 2933 1285 2997 etiam
1299 2954 1373 3015 erga

216 3040 246 3092 te
266 3033 400 3104 caritatis
420 3031 621 3113 certissimum
641 3031 750 3114 pignus
771 3031 929 3094 habeatur.
950 3031 1130 3111 Hujusmodi
1152 3038 1273 3094 nostros
1287 3033 1329 3094 do
1343 3041 1372 3095 tc

216 3147 320 3200 sensns
338 3129 474 3209 cognitos
498 3128 624 3191 fecimus
644 3128 744 3189 eidem
762 3128 874 3190 dilecto
896 3128 958 3192 filio
979 3128 1192 3208 GalzamIgliae,
1215 3128 1290 3209 quid
1314 3150 1371 3211 pro

216 3231 374 3304 perspecta
389 3243 444 3285 sua
457 3225 487 3285 in
500 3231 567 3285 tuas
581 3241 630 3284 res
641 3222 795 3302 diligentia
805 3224 929 3287 eosdem
942 3224 997 3287 tibi
1009 3243 1063 3306 per
1073 3225 1187 3287 litteras
1200 3227 1372 3291 luculenter

217 3319 420 3382 confirmabit.
444 3322 573 3380 Domum
600 3317 797 3397 apostolicam
814 3318 1056 3383 benedictionem
1084 3321 1156 3400 tibi,
1177 3321 1371 3400 dilectem,

216 3421 310 3500 iisque
324 3419 375 3499 qui
390 3425 450 3480 tuae
463 3417 532 3480 fidei
551 3415 704 3478 commissi
725 3423 811 3494 sunt,
828 3424 1020 3496 peramanter
1034 3418 1235 3500 impertimur.
1249 3421 1370 3482 Datum

217 3522 333 3588 Rosam,
356 3524 424 3594 ete,
447 3518 496 3578 dte
521 3527 553 3576 15
574 3515 738 3576 decembris
758 3523 852 3590 1770,
876 3517 1068 3592 pontificatus
1094 3521 1191 3579 nostri
1217 3535 1371 3581 concac-

217 3618 324 3680 cundo,

697 3698 882 3712 *nn-

724 3785 853 3854 CXXII.

667 3932 800 3975 nlnncno
823 3933 906 3975 siclo

322 4032 462 4094 JOANNI
482 4031 682 4092 BAPTISTAE
701 4029 867 4093 MARTlNl
888 4031 1047 4091 ORDlNlS
1067 4031 1256 4093 MINORUM

366 4171 387 4181 -·
492 4145 760 4195 couvnurumrum
777 4146 888 4196 sanem
911 4148 1084 4208 insumam,

522 4242 756 4326 CLEMENS
784 4246 911 4322 PAPA
940 4245 1046 4323 XIV.

969 4400 1066 4457 Romae,
1081 4404 1107 4447 m
1117 4397 1220 4458 januarii
1233 4402 1302 4448 1771.

254 4484 385 4559 Dilecte,
400 4495 455 4548 etc.
480 4487 552 4547 Post
566 4486 698 4566 prinum
716 4507 733 4548 a
753 4492 783 4548 te
800 4485 892 4547 Nobis
907 4485 1116 4565 transmissum
1141 4487 1268 4551 altorum
1284 4506 1369 4553 nunc
