3188 5414
478 494 659 548 EPlSTOLAE
676 496 720 548 E'l
738 495 870 548 Bnuutn
890 496 1123 551 SELECTIORA.
1320 503 1370 552 263

224 600 351 660 tionem
377 597 579 660 amantissime
601 599 800 679 impertimur.
836 602 950 661 Datnm
978 602 1094 672 Roma,
1127 605 1208 680 annet
1230 605 1371 664 Sanctam

229 698 358 755 Mariana
368 695 525 771 Majorem
534 696 586 756 aab
598 696 720 757 Aannla
734 698 973 773 Pannoniacis
989 710 1022 758 14
1033 702 1154 776 angusti
1168 710 1241 760 ¹77³
1254 704 1371 777 ,pontt-

221 796 337 868 ficatas
349 798 444 854 nostrl
453 812 532 855 anna
548 798 674 871 quinto:

686 906 892 916 *μα-

603 991 606 996 ’
708 1005 881 1075 ccxxxi.

599 1155 732 1197 DlLECTO
762 1155 850 1198 rutro
881 1154 1001 1198 NOSTBO

607 1244 780 1305 ANTONIO
800 1245 989 1316 EUGENIO,

432 1352 457 1398 s.
476 1351 505 1398 n.
523 1352 550 1398 a.
568 1350 768 1401 rausummo
783 1350 951 1400 ceramum
966 1351 1161 1411 vrcacourrr,

531 1435 765 1516 CLEMENS
792 1439 919 1515 ΡΑΡΑ
948 1437 1053 1514 XIV.

913 1591 1011 1647 Romae,
1026 1571 1066 1637 die
1084 1592 1110 1636 ta
1125 1589 1220 1650 augasti
1236 1594 1301 1638 1773.

264 1682 397 1751 Dilecta,
413 1689 468 1742 etc.
484 1684 558 1743 Cum
567 1683 615 1744 his
628 1685 736 1745 nostris
750 1685 788 1745 ad
799 1691 828 1746 te
846 1685 954 1746 litteris
967 1684 1177 1764 conjungimus
1187 1685 1276 1763 alias,
1290 1707 1365 1768 quas

223 1777 261 1838 ad
276 1778 462 1839 carissimam
476 1780 505 1840 in
518 1781 634 1860 Christo
646 1782 739 1842 liliam
751 1787 886 1844 nostram
899 1783 1025 1846 Mariam
1045 1782 1235 1861 Therasiam,
1251 1787 1365 1847 Roma-

222 1892 331 1933 norum
346 1876 568 1955 Imperatricem
582 1878 709 1939 electam
727 1878 850 1956 damus,
865 1888 1000 1958 quasque
1017 1878 1097 1940 illius
1109 1879 1257 1956 Maiestati
1272 1881 1365 1942 abste

146 2023 150 2030 .
224 1968 308 2029 reddi
321 1972 460 2049 cupimus
470 1989 530 2031 una
540 1990 610 2033 cum
621 1972 724 2034 tabula
736 1974 853 2036 musivo
865 1993 956 2054 apere
965 1973 1112 2054 perlecta,
1126 1992 1218 2052 quam
1230 1974 1272 2034 illi
1283 1974 1365 2036 dano

222 2065 381 2127 mittimus.
395 2069 439 2126 Ex
452 2067 620 2129 litterarum
640 2069 803 2131 earundem
816 2071 969 2151 exemplo,
984 2069 1066 2149 quod
1082 2088 1143 2130 una
1157 2069 1363 2150 adjungimus,

223 2159 386 2240 intelliges,
404 2181 496 2243 quam
509 2164 651 2226 luculenti
665 2165 726 2227 sint
740 2167 856 2246 paterni
875 2165 969 2228 nostri
991 2165 1082 2227 animi
1094 2184 1165 2245 erga
1177 2166 1380 2244 translatam:

223 2262 316 2322 Suam
330 2269 360 2323 et
374 2263 540 2341 Augustam
552 2263 630 2324 illius
643 2266 773 2326 Domum
786 2283 899 2327 sensus.
913 2266 1026 2326 Tamen
1040 2263 1163 2324 eosdem
1178 2263 1207 2323 iu
1222 2281 1362 2342 munere,
1400 2253 1402 2255 ¹

220 2376 255 2418 ac
278 2358 382 2420 litteris
404 2365 507 2420 nostro
529 2360 650 2421 nomine
673 2360 830 2423 reddendis
848 2376 940 2442 opera
964 2367 1017 2421 tua
1036 2359 1248 2422 luculentiores
1271 2360 1362 2422 etiam

221 2456 442 2537 amplioresque
461 2456 527 2518 lieri
547 2458 700 2536 volumus,
715 2464 805 2538 atque
825 2457 965 2519 omnihus
979 2456 1086 2518 officiis
1100 2457 1154 2517 abs
1175 2463 1204 2516 te
1216 2456 1361 2518 declarari

219 2557 375 2619 mirificam
387 2577 422 2620 ao
436 2575 587 2619 summam
601 2564 736 2618 nostram
747 2556 904 2618 caritatem
915 2573 986 2635 erga
995 2555 1095 2632 illam,
1108 2555 1231 2635 ejusque
1246 2573 1281 2616 ac
1294 2574 1362 2616 nos·

219 2664 298 2717 trum
310 2657 382 2717 item
397 2655 584 2717 carissimum
597 2655 628 2716 in
640 2655 756 2717 Christo
774 2654 871 2718 tilium
885 2657 901 2714 J
904 2652 1051 2733 asephum
1061 2654 1276 2732 Imperatorem
1287 2652 1362 2713 elea-

219 2762 299 2828 tum,
315 2770 350 2814 aa
363 2759 486 2814 caeteros
499 2769 604 2813 omnes
614 2752 856 2832 preclarissimus
870 2750 947 2812 illius
961 2751 1083 2811 Liberos
1097 2756 1290 2830 nostramque
1303 2768 1361 2830 pa-

218 2848 279 2908 lam
297 2847 361 2908 lieri
375 2847 518 2908 fiduciam
530 2866 566 2908 aa
579 2847 761 2909 desiderium
773 2847 870 2909 mutui
888 2846 1052 2924 Maiestatis
1067 2864 1127 2905 sua
1141 2851 1231 2924 atque
1240 2845 1360 2905 illorum

217 2962 288 3021 erga
304 2943 365 3005 Nos
385 2943 531 3004 retinendi
546 2943 652 3021 studii,
677 2961 711 3004 ac
731 2943 894 3004 Austriacae
907 2944 1020 3003 Domus
1033 2942 1136 3022 pietati
1154 2942 1357 3002 consentanei.
1455 2948 1461 2955 '

217 3046 286 3104 Haec
302 3050 331 3105 te
345 3062 400 3124 pro
418 3050 471 3104 tua
485 3041 632 3122 singulari
641 3041 799 3122 prudentia
812 3055 848 3101 ac
860 3040 1034 3118 sedulitate,
1047 3057 1138 3120 quam
1153 3039 1183 3098 in
1199 3045 1228 3099 te
1243 3056 1360 3118 semper

217 3141 331 3221 experti
346 3159 468 3219 sumus,
480 3140 596 3221 egregie
609 3158 646 3202 ex
659 3146 762 3201 nostra
774 3140 928 3201 volumtate
945 3146 1138 3220 peractmum
1155 3157 1216 3199 non
1236 3138 1360 3200 dubita-

217 3256 299 3316 mus,
319 3256 434 3318 nosque
449 3238 604 3317 diligenter
617 3238 655 3299 de
669 3237 810 3300 omnibus
822 3238 964 3299 certiores
978 3237 1139 3300 lacturmn.
1155 3239 1200 3298 Ac
1215 3237 1245 3298 in
1256 3237 1360 3318 pontl-

217 3333 289 3392 ticiae
302 3333 512 3396 benevolentia
523 3334 631 3414 pignus
650 3333 846 3414 apostolicam
857 3329 1097 3395 benedictionem
1106 3332 1171 3410 tibi,
1187 3332 1293 3395 dilecte
1305 3333 1357 3407 fili,

217 3436 317 3508 noster
327 3438 515 3510 peramanter
526 3431 726 3512 impertimur.
741 3426 853 3493 Datnm
870 3433 970 3494 nome
982 3435 1062 3512 apud
1075 3435 1216 3495 Sanctam
1230 3435 1358 3493 Mariam

218 3527 372 3601 Majarem,
394 3528 447 3586 aab
469 3528 590 3588 Annulo
609 3531 786 3597 Piscatores,
812 3529 861 3586 die
877 3541 910 3588 tt
926 3536 1046 3605 angusti
1065 3540 1150 3606 1773,
1172 3533 1359 3607 pontificatus

217 3615 313 3684 nostra¹
322 3641 402 3683 anno
414 3629 531 3700 quinto.

691 3730 897 3740 ---—-—-

693 3832 879 3905 CCXXXll.

476 3978 641 4025 aunrssmo
666 3980 700 4020 in
723 3978 856 4034 cpursro
879 3977 964 4020 mmo
988 3977 1104 4020 nosrao

313 4101 315 4107 ·
392 4064 542 4129 canoto
562 4062 830 4129 utst’nrtmuum
851 4067 942 4128 REGI
963 4067 1181 4128 cttflotlco
1291 4105 1296 4112 -

522 4172 754 4254 CLEMENS
780 4176 909 4253 ΡΑΡΑ
938 4174 1042 4251 XIV.

959 4311 1057 4369 Roma,
1071 4313 1099 4358 28
1115 4307 1208 4368 augusti
1228 4309 1296 4358 1773.

259 4405 429 4481 Cariniana,
451 4413 508 4466 ate.
528 4407 576 4467 Ad
590 4409 713 4488 Regiam
723 4408 910 4486 Maiestatem
924 4408 1020 4469 Tuam
1034 4405 1180 4467 mittimus
1192 4406 1355 4472 Venerabi-

216 4497 273 4558 lem
287 4501 421 4561 Fratrem
436 4502 589 4582 aloysium
600 4503 867 4582 Archiepiscapum
882 4503 1028 4579 Caesarea,
1043 4502 1093 4581 qui
1108 4501 1199 4563 nostri
1215 4506 1244 4561 ct
1258 4502 1356 4580 ,ipos-
