3188 5414
347 496 395 546 128
773 494 976 548 CLEMENTlS
995 494 1060 548 xlv

342 605 372 658 ta
390 597 636 675 transmittimus,
655 603 688 658 ut
701 615 772 659 cum
792 617 860 660 eam
878 599 1004 678 gratiam
1020 599 1123 679 patriae
1143 605 1202 662 tuas
1223 601 1369 682 impartiti
1378 603 1501 681 simus,

341 695 438 756 multo
455 695 600 757 libentius
616 702 668 756 tua
688 713 778 756 causa
792 694 906 756 factum
921 694 951 756 id
972 715 989 756 a
1004 695 1097 756 Nobis
1116 714 1181 758 esse
1202 697 1361 778 intelligas.
1382 701 1416 761 ln
1433 719 1500 780 quo

342 811 413 853 cum
428 791 532 874 pietati
550 800 609 854 tuas
627 798 692 853 tum
710 792 802 853 etiam
822 798 926 854 nostro
948 811 1019 872 erga
1040 799 1070 854 te
1091 793 1192 856 studio
1212 795 1347 858 obsecuti
1368 815 1498 874 sumus,

340 889 427 967 cujus
439 906 556 969 semper
567 887 732 966 majoribus
741 887 901 967 pontificia
913 888 1046 949 caritatis
1061 888 1177 952 indiciis
1191 891 1363 953 declarandi
1379 913 1498 975 oppor-

340 988 499 1047 tunitatem
512 1004 664 1066 quamque
677 985 868 1065 cupidissime
884 992 1104 1046 consectamur.
1126 986 1160 1047 ld
1176 987 1257 1048 euim
1277 995 1388 1069 praeter
1407 1009 1498 1071 prac-

340 1084 471 1162 clarum,
490 1103 550 1164 quo
569 1083 649 1163 apud
672 1083 865 1145 Carissimum
886 1083 916 1144 in
937 1084 1054 1145 Christo
1071 1084 1166 1146 fdium
1186 1093 1324 1149 nostrum
1343 1090 1494 1157 Carolum

338 1184 550 1267 Hispaniarum
559 1188 670 1265 Regem
679 1184 866 1246 catholicum
874 1185 1005 1264 iungeris
1016 1192 1205 1263 munus,tua
1214 1205 1285 1266 erga
1292 1189 1355 1249 Nos
1365 1191 1493 1271 egregia

338 1282 528 1344 observantia
541 1290 757 1363 perspectaque
767 1282 805 1344 de
817 1283 992 1363 Apostolica
1003 1283 1079 1345 Sede
1091 1284 1205 1345 merita·
1214 1284 1348 1346 manime
1362 1305 1382 1347 a
1395 1287 1495 1351 Nobis

337 1380 501 1458 postulant.
523 1380 623 1458 Atque
640 1379 699 1439 hoe
721 1379 788 1440 loco
809 1379 961 1459 praeterire
983 1379 1106 1442 minime
1125 1399 1307 1460 possumus,
1323 1383 1400 1463 quin
1416 1385 1509 1462 tibi,-

336 1476 419 1556 quod
440 1475 643 1554 gratissimum
656 1474 721 1536 tore
736 1475 809 1537 certi
824 1494 945 1553 sumus,
966 1477 1184 1556 significemus,
1204 1497 1330 1541 causam
1352 1483 1495 1545 Venera-

337 1573 405 1635 bilis
417 1573 499 1636 Servi
514 1573 566 1634 Dei
580 1573 704 1634 loannis
716 1574 754 1634 de
767 1574 890 1635 Palafox
907 1575 949 1636 ita
964 1593 1045 1637 nunc
1060 1576 1165 1638 instrui
1181 1595 1217 1639 ac
1233 1577 1353 1657 parari,
1369 1586 1405 1641 ut
1417 1598 1494 1657 eum

335 1668 424 1750 plane
445 1668 580 1747 ejusdem
592 1669 721 1747 exitum,
736 1688 827 1750 quem
845 1671 976 1732 maxime
989 1672 1144 1752 cupimuS,
1166 1672 1303 1736 futurum
1322 1679 1494 1753 emeralde

336 1766 532 1828 confidamus.
548 1768 614 1828 Hoc
627 1766 719 1828 etiam
739 1766 817 1828 habe
831 1766 984 1830 innostra
998 1776 1112 1848 ergata
1126 1771 1371 1835 lucuentissimae
1384 1775 1495 1839 solun-

307 1912 314 1924 ,
335 1863 406 1926 tatis
417 1863 541 1946 pignus,
553 1863 634 1944 quad
649 1863 748 1925 adhuc
761 1864 952 1926 cumulamus
963 1865 1060 1945 magis
1069 1867 1244 1946 Apostolica
1255 1868 1489 1951 Benedictionc,

334 1981 426 2043 quam
441 1961 631 2024 Fraternitati
648 1968 708 2024 tuae
726 1968 918 2042 peramanter
934 1961 1134 2043 impertimur.
1150 1967 1260 2025 Datum
1275 1966 1394 2044 Romoe,
1414 1974 1491 2047 etc,

333 2062 383 2124 'tlte
404 2072 437 2122 15
449 2061 616 2121 novembris
635 2061 927 2137 177⁰‚poattricatus
942 2063 1039 2120 nostri
1057 2060 1287 2132 onaoseruadc.

814 2181 999 2191 .---—--

862 2286 959 2355 CXV.

576 2441 754 2483 CABISSIMAE
777 2442 812 2482 IN
835 2440 969 2482 cnalsao
993 2442 1087 2483 metm
1109 2443 1236 2484 NOSTRAE

378 2547 513 2607 Mamm
533 2549 738 2608 THERESIAE
758 2548 975 2608 HUNGARIAE
995 2549 1148 2609 REGINAE
1168 2549 1445 2626 APOSTOLICAE,

598 2663 724 2713 namon
739 2663 894 2712 nonnum
909 2662 1036 2711 naama
1051 2662 1210 2723 rnnusrm,

511 2770 544 2818 ua
561 2769 762 2818 scurronum
778 2769 1014 2829 rurnnmnrcnu
1030 2768 1159 2816 ancoras
1174 2768 1296 2828 vlnus,

639 2874 874 2953 CLEMENS
891 2863 1031 2952 'Papa
1058 2873 1165 2950 XIV.

1043 3026 1136 3084 Romae,
1152 3027 1179 3074 17
1195 3020 1334 3072 novembris
1349 3028 1420 3074 1770.

276 3206 280 3213 .
371 3131 548 3209 Carissimo,
569 3141 639 3210 etc,
660 3131 722 3193 Etsi
744 3131 773 3191 in
785 3130 992 3210 gravissimam
1005 3129 1253 3191 deliberationem
1266 3118 1382 3192 inducti
1397 3149 1489 3195 esse-

329 3243 397 3288 mus
411 3229 561 3307 postulato
575 3227 756 3309 Apostolicae
772 3226 937 3305 Maiestatis
953 3230 1026 3288 Tuae
1039 3226 1077 3288 de
1090 3225 1312 3289 Monkacsiensi
1332 3227 1488 3292 vicariatu
1505 3256 1508 3261 ·

330 3325 360 3385 in
374 3325 581 3407 episcopatum
602 3324 762 3405 erigendo,
780 3341 965 3404 magnasque
984 3322 1142 3385 dubitandi
1156 3342 1264 3386 causas
1277 3322 1485 3406 haberemus,

329 3442 405 3505 quas
416 3422 524 3485 litteris
537 3423 586 3485 die
601 3435 636 3484 to
651 3420 783 3484 octobris
806 3421 845 3483 ad
857 3426 886 3481 te
906 3420 985 3483 datis
1010 3420 1181 3499 attulimuS,
1204 3427 1305 3483 tamen
1326 3420 1404 3502 quid
1417 3423 1486 3505 ipsa
1582 3464 1584 3469 -

328 3529 483 3606 postremo
504 3537 628 3582 sensura
649 3537 705 3600 pro
719 3524 772 3580 tua
785 3517 933 3599 sapientia
955 3536 991 3578 ac
1008 3518 1151 3599 religione
1165 3537 1261 3595 esses,
1283 3517 1485 3599 cupidissime

241 3649 244 3658 ·
326 3617 796 3700 Nosexpeetaturosesseiisdem
804 3617 911 3680 litteris
920 3617 1158 3681 declarabamus.
1171 3619 1246 3680 Cum
1255 3617 1358 3698 itaque
1370 3616 1484 3682 isthinc

327 3718 470 3783 certiores
491 3735 572 3779 nunc
590 3716 662 3779 tacti
680 3715 775 3778 simus
792 3716 831 3778 de
849 3735 911 3780 non
931 3716 1102 3779 intermisso
1123 3716 1272 3797 ejusmodi
1286 3715 1389 3778 studio
1410 3725 1481 3796 tuo,

326 3816 409 3900 quod
423 3821 482 3878 ate
495 3813 616 3877 retineri
631 3814 694 3877 sine
707 3813 842 3876 maxima
852 3815 968 3877 ratione
987 3833 1047 3878 non
1058 3815 1176 3897 potuit,
1191 3833 1284 3897 quam
1299 3813 1430 3896 quidem
1444 3819 1483 3880 ab

326 3910 495 3978 imminenti
513 3929 615 3973 rerum
628 3931 646 3973 a
659 3918 688 3974 te
701 3917 858 3992 perspecto
872 3912 1022 3993 periculo,
1037 3920 1068 3977 et
1085 3913 1205 3995 abipso
1220 3911 1341 3975 unionis
1353 3914 1482 3978 Graeoo-
1532 3924 1535 3928 “

326 4033 395 4076 rum
415 4028 486 4074 cum
507 4008 661 4071 catholica
679 4011 817 4071 Romana
837 4010 972 4072 Ecclesia
991 4011 1155 4074 retinendae
1176 4009 1359 4073 necessitate
1381 4013 1480 4094 repeti

326 4111 493 4194 praecipue,
513 4125 550 4169 ac
563 4106 670 4168 deduci
684 4107 848 4184 intuemur,
864 4108 965 4169 statim
981 4127 1104 4171 omnem
1115 4107 1336 4170 dubitationem
1354 4107 1482 4172 abrum-

326 4227 414 4288 pere,
427 4207 541 4289 tibique
555 4202 681 4284 obsequi
695 4204 892 4267 decrevimus.
905 4205 984 4267 Vicit
996 4206 1084 4287 igitur
1098 4206 1129 4267 in
1142 4204 1236 4267 Nobis
1249 4203 1406 4286 sapientia
1419 4213 1481 4271 tua
1521 4249 1526 4256 -

327 4323 363 4366 ac
376 4303 524 4384 religionis
548 4300 743 4380 existimatio,
759 4309 850 4383 atque
866 4301 909 4362 ita
929 4301 1014 4380 vicit,
1035 4308 1069 4364 ut
1089 4300 1247 4382 praeterita
1268 4298 1393 4390 quidem
1418 4309 1481 4385 tuac

325 4402 514 4483 experientiae
528 4399 665 4482 optima,
684 4408 717 4462 ut
731 4401 852 4478 scribis,
867 4419 969 4462 rerum
988 4399 1137 4479 magistrae
1155 4397 1331 4476 innitamur,
1348 4398 1481 4481 scdpo-

325 4499 472 4562 tissimam
479 4505 580 4560 tamen
590 4515 738 4578 ponamus
748 4516 832 4578 spem
842 4496 872 4558 in
884 4494 1034 4575 vigilantia
1044 4494 1356 4558 acsollicitudineate
1365 4494 1481 4558 exinde
