3188 5414
323 484 393 538 368'
745 483 948 537 CLllllliNTlS
966 484 1030 537 xlv

321 591 471 652 accersitis
487 587 644 651 iudiiiduis
669 607 721 668 prr
745 588 925 668 Episcopum
937 587 1154 665 Varmiensem‚
1175 587 1395 668 publicatoque
1416 584 1469 648 illis

320 688 406 749 Brevi
421 686 656 768 suppressionis‚
674 704 780 746 omnes
797 685 954 765 adigantur
971 684 1094 747 induere
1114 686 1253 747 habitum
1271 687 1469 767 presbytero-

319 805 387 847 rum
408 784 609 862 saecularium,
624 791 655 845 et
668 782 789 863 singulis
807 783 937 862 collegiis
951 788 1144 863 praeponatur
1157 781 1300 844 sacerdos
1319 785 1467 852 saeeulari‘

317 888 349 948 in
360 887 504 967 dignitate
515 885 664 962 Ecclesia,
679 882 876 954 constituens,
890 900 946 961 pro
958 880 1077 942 illorum
1088 879 1243 959 regimine,
1256 888 1287 942 et
1300 881 1464 961 gubernio:

317 985 376 1047 heo
397 992 497 1045 tamen
512 981 615 1044 addita
628 979 818 1055 conditione,
839 977 921 1058 quod
943 977 1050 1057 singuli
1074 976 1237 1038 formulam
1258 978 1464 1056 subscribant,

317 1095 378 1160 quo
387 1085 542 1160 acceptato
555 1095 629 1159 pure
640 1082 671 1138 et
680 1075 854 1156 simpliciter
865 1073 951 1135 Brevi
964 1073 1193 1154 suppressiouis,
1206 1074 1331 1154 plenam
1344 1074 1384 1135 illi
1396 1071 1466 1136 obe

316 1176 459 1238 dieutiam
472 1176 665 1257 promittant,
678 1174 865 1236 declarantes
877 1171 1010 1252 insuper,
1023 1189 1056 1232 se
1069 1170 1156 1252 plene
1170 1171 1286 1233 solutos
1300 1171 1463 1251 intelligere

317 1273 356 1334 ab
373 1273 455 1335 omui
471 1274 590 1335 vinculo
606 1270 750 1349 instituti,
765 1268 846 1350 quod
859 1267 985 1349 professi
999 1276 1099 1347 erant,
1114 1275 1146 1330 et
1158 1270 1234 1331 velle
1246 1269 1278 1331 iu
1292 1273 1465 1334 statucleri-

315 1388 422 1431 corum
442 1369 627 1432 secularium
640 1369 733 1429 vitam
748 1366 872 1442 ducere,
892 1366 974 1426 salva
995 1365 1163 1455 substantia
1178 1367 1361 1430 emissorum
1373 1375 1465 1431 roto-¹

314 1472 384 1526 rum
392 1512 402 1543 ,
417 1467 474 1527 sub
496 1464 668 1527 obedientia
687 1461 827 1545 Episcopi
842 1460 1023 1538 Dioeoesaui,
1042 1467 1073 1523 at
1092 1461 1268 1552 immediata
1282 1464 1351 1542 ejus
1365 1471 1463 1546 potes·

315 1568 394 1642 tate,
409 1570 440 1625 et
456 1561 680 1642 jurisdictione,
703 1560 767 1621 sine
784 1561 845 1621 ulla
865 1558 1127 1638 subordinatione,
1150 1567 1203 1622 aut
1222 1559 1422 1641 dependentia
1444 1581 1461 1624 a

315 1662 377 1722 suis
388 1661 518 1741 antiquis
533 1659 736 1742 superioribus
754 1658 959 1738 regularibus,
971 1657 1013 1719 ita
1026 1664 1059 1719 ut
1075 1657 1152 1721 iuter
1165 1658 1247 1740 ipsos
1266 1661 1461 1722 nullam-am-

313 1757 392 1839 plius
409 1765 572 1838 agnoscant
586 1757 784 1819 differentiam
802 1756 1008 1838 superiorum,
1025 1763 1055 1818 et
1070 1757 1275 1838 subditorum,
1294 1758 1349 1823 sed
1362 1767 1460 1824 ornnes

313 1854 482 1918 existiment
497 1875 529 1918 se
541 1874 605 1918 esse
623 1855 753 1937 perfecte
764 1856 902 1936 aquales.
918 1855 980 1916 Sub
993 1855 1060 1918 hac
1072 1852 1244 1921 conditione
1256 1863 1370 1942 poterit
1379 1864 1461 1945 Epis-

312 1968 407 2033 copus
418 1952 600 2016 Varmiensis
618 1951 784 2014 senioribus
803 1956 833 2012 et
847 1951 1012 2032 aptioribus
1028 1951 1188 2017 individuis
1198 1956 1350 2022 beneficia
1362 1968 1462 2023 curata

314 2048 455 2132 deinceps
471 2051 502 2112 in
516 2050 670 2113 mensibus
688 2049 845 2112 ordinariis
861 2056 1002 2111 vacatura
1018 2051 1172 2130 conferre,
1185 2053 1217 2114 in
1227 2057 1389 2141 premium
1402 2074 1461 2120 ser-

312 2148 374 2210 vitii
384 2150 414 2211 in
424 2140 672 2233 scholisprastiti,
682 2147 878 2229 acpublicum
888 2148 1082 2210 commodum
1093 2167 1165 2211 cum
1175 2151 1393 2216 substitutione
1405 2155 1462 2217 Cle

311 2244 444 2306 ricorum
464 2245 615 2308 seminarii
636 2245 667 2306 in
687 2244 788 2306 locum
804 2243 996 2321 exeuntium,
1016 2250 1051 2304 nt
1069 2245 1216 2325 paulatim
1233 2248 1367 2310 exclusis
1385 2248 1460 2310 iudi-

312 2341 429 2420 viduis,
454 2349 485 2404 et
514 2345 612 2406 soluto
632 2343 753 2405 illorum
773 2341 932 2417 convictu,
958 2342 1108 2422 supersint
1131 2342 1233 2406 idonei
1257 2346 1391 2426 operarii
1409 2363 1461 2427 pro

312 2436 421 2501 scholis
444 2439 597 2520 regendis,
621 2445 711 2518 atque
726 2439 841 2499 interea
854 2437 1003 2499 Sanctitas
1026 2440 1087 2501 Sua
1104 2439 1232 2520 benigue
1250 2432 1406 2524 indulget,
1430 2451 1461 2504 ut

312 2532 404 2596 etiam
417 2533 449 2595 in
460 2534 600 2596 convictu
616 2539 787 2604 manentes,
809 2530 954 2613 quoniam
970 2540 1158 2614 temporum,
1174 2542 1206 2597 et
1225 2536 1366 2600 locorum
1389 2557 1461 2601 cou-

186 2638 197 2660 ·
312 2628 386 2692 ditio
400 2630 431 2691 id
443 2631 547 2712 exigit,
566 2631 680 2713 possint
692 2630 793 2693 literas
806 2630 913 2693 docere
931 2631 962 2692 in
975 2631 1103 2712 publicis
1118 2633 1245 2713 scholis,
1262 2642 1295 2697 et
1311 2630 1351 2698 de'
1369 2637 1460 2698 licen-

311 2727 354 2790 tia
371 2729 513 2791 ordinarii
533 2728 734 2792 confessiones
752 2729 904 2811 excipere,
920 2735 951 2791 et
963 2729 1089 2793 verbum
1100 2731 1152 2793 Dei
1171 2731 1355 2813 praedicare,
1373 2732 1460 2797 alias-

311 2844 370 2905 que
383 2845 525 2908 peragere
546 2845 646 2889 sacras
667 2825 834 2888 functiones
843 2872 851 2903 ,
872 2827 990 2907 quarab
1009 2827 1165 2909 Episcopis
1178 2828 1221 2890 eis
1235 2830 1457 2911 permittantur.

313 2925 353 2986 lle
366 2924 554 3005 indulgentiis
569 2944 655 3003 vero,
670 2944 737 3006 quae
755 2923 902 3006 plerisque
919 2923 1094 3003 hujusmodi
1115 2924 1324 2990 functionibus
1336 2927 1459 2991 addicta

313 3031 399 3086 erant
407 3024 611 3105 providebitur
621 3031 783 3105 postquam
793 3022 969 3103 Amplitudo
983 3028 1035 3084 tua
1049 3022 1247 3086 transmiserit
1264 3024 1388 3089 illarum
1403 3044 1459 3088 no-

218 3175 225 3188 ,
310 3120 406 3181 tulam
414 3166 423 3197 ,
437 3139 493 3182 nec
506 3119 609 3181 dilatio
621 3118 826 3200 prejudicium
839 3112 962 3195 alteret,
976 3117 1047 3198 quia
1062 3117 1238 3182 imminente
1249 3138 1332 3183 anno
1343 3129 1456 3199 sancto,

310 3234 415 3279 omnes
424 3216 613 3296 indulgentia
627 3223 712 3280 extra
723 3216 829 3278 urbem
849 3233 997 3296 suspensa
1009 3221 1175 3277 remanent.
1187 3216 1387 3298 Amplitudiui
1401 3225 1457 3280 tua

285 3313 432 3394 ,demum
455 3313 616 3375 committit
633 3312 843 3375 sanctissimus
867 3311 1011 3373 Dominus
1029 3313 1146 3390 Noster,
1168 3313 1251 3393 quod
1273 3315 1348 3378 alios
1365 3316 1457 3378 etiam

309 3409 475 3491 Episcopus
500 3409 664 3470 llioeoesum
695 3407 886 3469 existentium
912 3409 943 3469 in
970 3408 1083 3471 ditione
1107 3411 1290 3475 Borussiana
1310 3413 1458 3476 luminoso

300 3506 449 3588 -Episcopi
468 3504 650 3567 Varmieusis
666 3506 804 3586 exemplo
823 3505 945 3568 inducat
960 3507 998 3568 ad
1015 3507 1142 3571 similem
1160 3512 1372 3576 executionem
1385 3533 1458 3597 pro-
1511 3534 1512 3538 ’

308 3602 474 3685 perandam
487 3602 519 3663 in
540 3601 600 3664 suis
614 3602 809 3680 Dioecesibus‚
825 3621 895 3664 cum
911 3603 1016 3666 iisdem
1030 3605 1252 3670 conditionibus
1261 3615 1293 3671 et
1304 3610 1457 3674 facultati-

309 3701 377 3780 bus,
386 3699 558 3780 proquibus
569 3697 780 3781 amplitudinis
794 3705 852 3760 ture
866 3701 998 3781 amplam
1007 3701 1145 3765 coneedit
1154 3710 1349 3785 potestatem.
1359 3710 1456 3790 Atque

307 3798 422 3860 interea
434 3796 555 3858 nomine
566 3797 658 3860 etiam
671 3799 731 3858 EE.
744 3798 802 3856 PP.
813 3796 911 3859 eidem
923 3795 1026 3860 omnia
1038 3797 1136 3862 fausta
1145 3818 1182 3863 ex
1193 3801 1286 3866 corde
1296 3822 1456 3885 precamur

309 3884 479 3960 allomiiro.
1116 3926 1119 3931 ·

386 4019 598 4103 amplitudinis
611 4022 681 4084 Tua

765 4101 1004 4167 studiosissimus
1017 4105 1060 4167 uti
1076 4106 1182 4203 Frater

980 4253 1013 4306 Α.
1033 4244 1225 4342 Garamans
1242 4235 1410 4345 Constans}
1459 4242 1462 4249 ’

977 4350 1009 4403 V.
1032 4351 1249 4419 Marruuium,
1266 4353 1450 4415 mamam.

791 4489 972 4501 *ιιι-
