3188 5414
252 520 254 529 ’
367 507 547 562 EPISTOLAE
566 508 612 561 ET
630 507 766 561 nubum
784 507 1020 562 SELECTIORA.
1232 517 1266 566 05
1354 508 1360 551 ἑ

119 621 159 682 ad
180 620 328 696 integrum
350 615 492 676 martium
506 631 640 675 mensem
659 614 796 693 proxime
818 614 970 694 elapsum,
986 619 1103 674 tautum
1126 615 1266 678 decursos

119 713 291 798 impendere
309 730 344 774 ac
358 729 481 791 erogare
493 711 591 792 possis
603 711 634 772 in
647 711 819 792 Hospitales
838 711 1026 774 infirmorum
1044 715 1168 792 Domos,
1180 733 1217 776 ac
1236 718 1267 778 iu

118 817 177 877 alia
194 813 245 874 iila
257 827 383 892 qumque
402 809 559 888 describis,
574 809 707 872 caritatis
720 810 874 890 Hospitio,
890 828 957 890 qua
969 810 1084 872 seilicet
1096 810 1148 891 pia
1160 831 1265 893 opem,

117 918 159 976 ita
172 918 207 974 ut
220 928 325 972 revera
338 915 419 985 sunt,
435 908 634 988 appellantur.
647 911 725 970 Dum
736 907 807 969 huic
820 909 1042 989 postulatorum
1053 914 1176 971 tuorum
1186 912 1265 991 parti

117 1013 198 1071 Irunc
211 1005 385 1088 inmodum
400 1005 616 1082 satisfacimus,
627 1005 779 1066 carissime
793 1005 823 1065 in
837 1004 956 1066 Christo
972 1004 1013 1066 fili
1034 1011 1146 1083 noster,
1166 1007 1209 1069 ita
1228 1007 1266 1068 de

115 1117 168 1170 tua
191 1105 319 1187 pietate,
336 1122 372 1166 ae
392 1103 539 1183 sapientia
555 1102 744 1180 judicamus,
767 1109 801 1164 ut
815 1102 976 1182 pecuniam
995 1102 1088 1180 iilam,
1101 1105 1188 1182 cujus
1200 1105 1266 1167 dise

116 1203 269 1266 tribuendi
282 1208 464 1284 potestatem
481 1201 535 1262 tibi
554 1200 683 1262 facimus
692 1245 700 1278 ,
720 1200 830 1262 utiliter
850 1207 937 1280 atque
950 1201 1065 1280 optime
1082 1202 1266 1265 collocatum

58 1343 66 1372 ,
115 1304 150 1364 iri
169 1302 246 1364 certi
270 1302 332 1363 Nos
353 1299 464 1376 simus;
491 1299 603 1361 ichrco
624 1298 877 1377 jucundissimum
903 1298 996 1359 Nobis
1014 1299 1071 1361 erit
1091 1299 1265 1379 hujusmodi

115 1400 287 1481 apostolice
303 1397 504 1460 concessionis
525 1416 598 1459 usus
618 1405 678 1459 ate
695 1398 766 1483 facti
783 1398 1027 1479 descriptionem,
1048 1417 1143 1478 quam
1163 1408 1265 1464 trans÷
1386 1407 1388 1413 '

115 1499 235 1559 mittere
254 1495 420 1578 polliceris,
434 1495 591 1576 inspicere,
609 1514 737 1558 acriora
756 1496 863 1558 exinde
879 1515 986 1576 capere
1002 1502 1033 1556 et
1050 1498 1201 1578 religionis
1215 1520 1264 1562 ca-

115 1591 272 1673 ritatisque
290 1599 363 1669 tuae,
382 1598 413 1653 et
432 1597 539 1652 nostrae
553 1591 591 1652 dc
602 1598 633 1654 te
646 1593 842 1671 jucunditatis
856 1598 1044 1672 argumenta.
1058 1595 1184 1657 Ceteras
1196 1616 1264 1676 pos

115 1691 280 1752 tu'atorum
293 1695 415 1750 tuorum
424 1694 524 1768 partes
539 1696 684 1751 consueta
701 1689 817 1752 ratione
830 1711 865 1753 ac
876 1693 924 1754 via
937 1696 1114 1775 pertractari
1134 1697 1264 1758 mauda-

115 1788 224 1865 vimus‚
243 1786 345 1867 eisque
360 1786 497 1866 expensIs
512 1786 691 1848 confidimus
702 1788 781 1864 fore,
797 1797 830 1849 ut
842 1789 949 1851 eodem
961 1794 1049 1873 plane
1061 1792 1153 1854 modo
1175 1811 1263 1872 egre-

114 1884 287 1963 giumbuuc
298 1883 520 1963 acsingularam
529 1883 560 1945 in
568 1891 599 1946 ta
609 1891 770 1966 paternum
779 1887 924 1967 animum,
938 1890 993 1955 tibi
1002 1892 1098 1972 magis
1109 1893 1264 1971 magisque

117 1985 351 2047 confirmemus
368 1982 511 2045 Dabimus
534 1982 624 2062 igitur
647 2002 782 2065 operam,
796 1991 831 2047 ut
848 2005 885 2047 ea
905 1989 970 2069 ipsa
990 1988 1177 2071 propediem,
1187 2000 1263 2073 ‘pum

118 2081 256 2144 confecta
267 2087 366 2157 eruut,
388 2081 490 2142 statim
507 2079 544 2141 ad
560 2086 590 2140 te
610 2078 792 2149 deferantur.
809 2085 925 2147 Interea
942 2088 981 2149 ad
995 2088 1180 2149 immortales
1198 2089 1264 2150 illas

116 2181 227 2260 quibus
236 2178 361 2258 Regiam
373 2180 561 2258 Majestatem
574 2181 671 2239 Tuam
683 2180 791 2242 merito
804 2183 994 2246 cumulamus
1012 2186 1125 2263 laudes,
1144 2192 1264 2265 aposto-

118 2279 182 2341 Iieae
196 2277 411 2340 banedctionis
433 2277 476 2338 ita
497 2295 608 2338 munus
630 2276 838 2358 adjungimus,
861 2288 894 2342 ut
915 2281 998 2344 illam
1016 2283 1121 2345 divina
1140 2302 1212 2363 erga
1233 2291 1263 2344 te

118 2386 246 2460 tuosque
266 2379 375 2441 liberos
395 2394 575 2458 omnemque
597 2378 723 2458 Regiam
743 2381 872 2441 Domum
896 2380 1088 2461 benignitatis
1110 2382 1263 2463 auspicem

116 2495 184 2538 esse
194 2475 327 2538 mamma
344 2475 503 2557 cupiamus
518 2494 554 2536 ae
569 2493 737 2555 precemur.
754 2477 867 2538 mium
881 2479 994 2550 Romu,
1013 2486 1081 2552 ete,
1096 2481 1145 2540 die
1159 2490 1196 2540 ‘ra
1205 2481 1265 2555 Ju-

113 2580 162 2634 m'r'
180 2585 271 2653 1770,
284 2577 473 2653 pontificatus
484 2579 578 2635 oratu
589 2592 669 2633 unco
680 2576 822 2635 seeundo.

594 2810 784 2880 LXXXVII.

535 2966 724 3009 vesanarum
747 2966 856 3007 anurnr
1108 2994 1117 3025 ‚

145 3114 147 3119 <
296 3075 509 3136 FRANCISCO
529 3072 714 3132 EPISCOPO
734 3070 1085 3131 ANGELOPOLITANO

427 3195 661 3274 CLEMENS
688 3195 816 3272 PAPA
844 3193 950 3272 XIV.

912 3348 1009 3405 uene,
1024 3349 1051 3393 16
1063 3343 1116 3406 iulii
1132 3346 1200 3393 1770.

120 3487 123 3493 ·
161 3455 358 3524 Venerabilis,
371 3461 428 3515 cte.
444 3455 489 3513 Ex
502 3471 563 3534 quo
574 3468 698 3514 causam
710 3452 886 3514 venerabilis
905 3450 982 3513 servi
1004 3449 1057 3510 nei
1077 3448 1202 3512 Ioannis
1224 3451 1262 3511 de

117 3551 243 3615 Palaion
262 3537 501 3632 Ankeicpolitani
522 3549 594 3612 olim
605 3547 738 3630 episcopi
751 3548 924 3630 impositam
935 3549 1000 3625 jam
1010 3546 1106 3607 Nobis
1126 3547 1263 3626 suscepi-

115 3668 198 3726 muS,
213 3667 250 3710 ex
265 3667 302 3710 eo
313 3653 449 3729 tempore
463 3647 743 3729 Argeiopolitanam
756 3646 848 3707 cuam
857 3644 1014 3706 Dioeoesim
1027 3643 1150 3722 ejusque
1161 3661 1263 3723 popu-

113 3749 179 3809 lum
200 3746 388 3809 carissimum
399 3747 520 3809 'habere
533 3747 689 3827 coepimm.
711 3747 808 3820 Quare
829 3761 865 3804 eo
882 3740 1074 3822 jucundiores
1087 3740 1180 3802 Nobis
1194 3739 1263 3800 fue-

114 3850 188 3906 runt
199 3850 257 3906 tua
270 3844 386 3920 littere,
409 3844 518 3925 quibus
532 3843 675 3906 certiores
692 3844 756 3903 Nos
780 3840 875 3902 fecisti
893 3837 930 3900 de
947 3845 1088 3920 suscepto
1103 3857 1121 3899 a
1142 3844 1175 3900 te
1187 3844 1262 3899 tuo-

114 3943 292 4023 quepopnlo
307 3942 346 4004 ob
358 3949 494 4004 nostram
506 3941 546 4003 ad
557 3959 710 4003 summum
718 3939 929 4001 Pontificatum
938 3936 1124 3998 evectionem
1138 3933 1259 4014 gaudio.

116 4037 170 4098 Cui
179 4045 278 4101 vestro
289 4057 361 4120 erga
371 4040 432 4101 Nos
446 4038 581 4100 studioso
595 4037 713 4114 animo,
725 4055 760 4099 ao
771 4035 854 4098 tilioli
868 4033 1101 4097 observantiaeet
1111 4031 1260 4093 devotioni

116 4140 150 4195 ut
171 4137 268 4198 uicem
288 4137 470 4214 referamus,
495 4133 669 4199 curabimus
693 4154 782 4213 sane,
795 4141 829 4196 ut
843 4141 903 4196 non
925 4133 1037 4196 frustra
1054 4136 1159 4192 nostra
1170 4147 1261 4192 causa

116 4232 231 4296 matos
254 4253 308 4296 vos
336 4253 400 4298 esse
421 4234 600 4314 intelligatis.
618 4233 704 4309 Quod
723 4252 794 4296 cum
815 4233 846 4294 in
864 4233 1004 4296 omnibus
1026 4233 1117 4295 rebus
1137 4233 1260 4309 vestris,

115 4335 181 4393 tum
195 4330 225 4392 in
245 4332 368 4412 prefata
388 4349 482 4394 causa
499 4332 689 4414 potissimum
709 4349 761 4393 vos
780 4331 952 4412 cognituros
970 4330 1161 4394 confidimns.
1181 4331 1260 4392 NibiI

117 4427 199 4489 enim
216 4429 370 4491 ardentius
389 4431 548 4492 aDomino
560 4430 738 4512 expetimus,
752 4448 844 4510 quam
859 4438 893 4493 ut
912 4430 1169 4513 quemadmodum
1190 4433 1261 4493 hac-

116 4531 202 4586 tenus
222 4531 324 4587 nostra
344 4546 436 4608 opera
456 4546 633 4608 promovere
658 4529 755 4605 iilam,
785 4547 819 4590 uc
842 4531 1005 4609 provehere
1032 4529 1171 4608 dignatus
1197 4540 1259 4606 est,
