3188 5414
739 491 944 546 caraunus
963 494 1030 548 ruv

841 634 915 704 XX.

763 801 893 843 9199990
916 799 1001 841 rium

304 911 526 987 Bouianum,
548 917 705 978 ORDlNlS
726 919 1224 998 9919999911999991991991
1246 919 1454 992 Gaudenti,

581 1160 584 1165 ι
615 1049 849 1129 99919999
877 1012 1160 1140 9999199]

1086 1216 1179 1272 Rosiae,
1192 1219 1207 1261 9
1219 1211 1313 1272 rugum
1327 1215 1393 1261 1799,

345 1318 474 1388 Dilecto,
486 1325 542 1379 etc.
565 1318 699 1380 Pristinis
717 1322 807 1382 vestri
830 1323 943 1384 ordinis
964 1322 994 1382 iu
1009 1323 1070 1382 Nos
1084 1319 1189 1381 studiis
1203 1317 1454 1389 consentiuntur,

303 1433 369 1494 quae
384 1415 541 1477 nobiscum
554 1416 720 1478 luculenter
734 1419 853 1500 peragis
873 1419 1083 1500 gratulationis
1101 1418 1201 1481 officia
1215 1418 1255 1479 ob
1268 1416 1455 1498 pontificiam

302 1511 444 1574 divinitus
475 1513 567 1575 Nobis
592 1514 722 1577 delatam
758 1515 958 1596 dignitatem,
990 1536 1057 1597 quaa
1084 1516 1157 1596 quin
1190 1515 1264 1576 susis
1295 1513 1333 1575 ad
1358 1516 1454 1575 Deum

302 1611 370 1690 Opt.
400 1612 557 1699 11199910
589 1612 764 1676 sustinenda
790 1622 894 1677 nostra
917 1615 1121 1677 imbecillitate
1150 1614 1291 1694 precibus
1314 1612 1454 1673 cumule-

302 1706 358 1784 tis,
376 1707 515 1771 dubitare
536 1709 660 1773 minime
675 1727 856 1792 possumus,
876 1717 965 1793 atque
987 1710 1101 1772 idcirco
1117 1710 1310 1771 vehementer
1334 1727 1351 1770 a
1368 1708 1455 1769 vobis

303 1805 444 1889 petimus,
458 1813 492 1869 ut
504 1807 535 1869 id
549 1808 648 1889 ipsum
662 1827 718 1890 pro
736 1815 835 1871 vestra
841 1808 877 1870 'in
889 1810 952 1871 Nos
971 1808 1084 1889 pietate
1098 1808 1297 1888 inposterum
1312 1812 1455 1886 praestare

301 1920 457 1985 nunquam
471 1904 685 1968 intermittatis.
698 1906 775 1982 Quid
789 1924 860 1970 veru
874 1907 911 1969 de
924 1915 1029 1970 naara
1040 1925 1112 1987 eiga
1122 1924 1176 1967 vos
1194 1905 1349 1967 voluntate
1362 1902 1454 1983 polli-

300 2002 361 2065 ceri
377 2002 463 2066 vobis
477 2002 618 2082 valeatis,
633 2003 799 2086 intelligere
812 2002 900 2067 iacile
913 2004 1040 2087 potestis
1054 2023 1092 2067 ox
1106 1989 1381 2085 perspecta'nostra
1399 2018 1454 2061 ve-

299 2105 363 2162 tere
386 2101 613 2177 benevolentia,
634 2120 727 2181 quarn
748 2117 784 2164 ex
797 2102 889 2181 hujus
907 2101 1061 2184 dignitatis
1082 2103 1253 2164 accessione
1276 2118 1336 2161 non
1355 2101 1453 2161 solum

300 2214 361 2259 non
375 2197 589 2273 imminutam,
606 2196 659 2259 sed
677 2196 764 2258 valde
785 2197 878 2259 etiam
897 2203 1017 2260 auctam
1039 2206 1130 2278 atque
1152 2195 1366 2285 amplificatam
1386 2215 1452 2258 esso

300 2290 468 2354 existimate
475 2315 484 2370 3
507 2292 672 2373 presertim
696 2309 766 2354 cum
788 2292 831 2354 tui
851 2293 971 2364 Ordinis
991 2291 1174 2354 monasteria
1199 2311 1217 2352 a
1241 2298 1271 2351 te
1295 2291 1453 2370 diligenter

299 2393 442 2469 lustrata,
455 2398 489 2452 ut
511 2389 634 2468 scribis,
649 2387 780 2453 lnstituti
800 2389 846 2452 sui
861 2391 943 2472 leges
954 2391 1016 2453 vita
1038 2397 1068 2452 et
1087 2389 1223 2452 moribus
1237 2389 1315 2449 tueri
1331 2396 1452 2469 reperta

299 2476 369 2550 sint.
387 2491 428 2550 De
443 2506 504 2569 quo
522 2486 646 2568 quidem
668 2485 810 2548 certiores
829 2506 847 2548 a
867 2493 897 2548 te
916 2486 982 2548 fieri
1002 2486 1095 2548 Nobis
1113 2486 1169 2547 luit
1184 2485 1449 2564 jucundissimum.

278 2587 396 2648 “lanto
410 2587 500 2666 igitur
518 2585 614 2665 magis
633 2584 791 2666 pristinam
810 2602 882 2668 erga
898 2604 952 2648 vos
971 2585 1128 2647 caritatem
1149 2585 1354 2662 cumulamus,
1370 2604 1405 2646 ac
1420 2586 1450 2648 in

298 2685 433 2765 ejusdem
457 2685 638 2750 luculentius
660 2682 871 2766 argumentum
897 2683 1094 2766 apostolicam
1116 2683 1359 2746 benedictionem
1378 2685 1449 2762 tibi,

205 2822 208 2826 -
294 2784 405 2846 dilecte
425 2784 483 2863 fni,
500 2785 698 2866 universoque
720 2784 818 2847 ordini
837 2792 896 2848 tuae
913 2782 984 2846 fidei
1002 2781 1165 2845 commisso
1185 2788 1378 2863 peramanter
1392 2783 1450 2842 im-

297 2881 454 2965 pertimur.
468 2885 579 2948 Datum
592 2885 703 2956 Romo,
714 2889 784 2963 eta,
796 2895 814 2944 9
826 2886 951 2964 aequati
963 2893 1051 2960 1769,
1063 2884 1253 2962 pontificatus
1264 2884 1362 2943 nostri
1371 2897 1451 2942 9090

295 2984 406 3058 primo.

782 3096 946 3108 *αι-ι

827 3192 917 3265 XXI.

548 3362 720 3405 CARlSSlMAE
742 3361 776 3402 ln
799 3359 934 3404 CHRISTO
954 3359 1050 3403 FlLlAE
1072 3358 1199 3402 NOSTRA!

302 3453 305 3475 ⁵
360 3484 517 3546 unnim
546 3484 793 3556 99999919,
822 3480 1390 3546 999919199909901199

438 3619 478 3667 ΕΤ
494 3616 647 3676 Bellatum
663 3616 791 3666 altulum
808 3616 951 3668 unusual
967 3615 1307 3678 1999919919191999,

582 3852 584 3857 Ι
609 3729 846 3813 caunum
871 3734 1002 3812 999
1029 3731 1137 3810 xiv,

1036 3901 1130 3956 Roman,
1149 3901 1176 3946 ta
1189 3896 1283 3959 augusti
1300 3899 1366 3946 1769.

336 4004 516 4077 Cerastae,
535 4010 593 4066 ete.
612 4005 635 4069 11
649 4005 718 4067 vivo
734 4025 753 4069 e
767 4013 938 4068 veramente
959 4004 1092 4069 cordiale
1115 4003 1259 4065 interesse
1279 4000 1336 4062 che
1357 4019 1446 4080 pren-

296 4099 435 4165 diamoin
448 4107 528 4164 tutto
536 4102 585 4163 019
596 4101 652 4163 ohe
660 4103 833 4182 appartiene
845 4104 1115 4180 aVostraltlaesta‚
1127 4101 1182 4162 ohe
1192 4099 1251 4160 ben
1260 4098 1290 4160 10
1300 4099 1408 4172 merita
1416 4100 1445 4160 in

294 4197 473 4278 particolare
487 4201 621 4263 mauiena
637 4200 687 4263 dal
701 4220 778 4282 capo
791 4202 869 4264 della
883 4201 988 4263 Chiesa
1001 4219 1064 4263 909
1075 4205 1160 4262 tanto
1175 4215 1229 4278 per
1240 4197 1270 4258 la
1284 4215 1339 4258 sua
1353 4217 1446 4278 grau-

295 4293 401 4373 dmm,
415 4305 531 4375 quanto
548 4317 603 4379 per
613 4300 714 4379 quella
726 4298 935 4380 illustrepieta
951 4299 1007 4360 che
1021 4298 1120 4360 forma
1131 4296 1211 4358 nella
1227 4313 1282 4356 sua
1310 4297 1445 4375 Augusta

295 4393 427 4454 Persona
448 4393 468 4454 il
489 4398 642 4476 maggiore
661 4397 691 4457 di
708 4397 779 4458 tutti
796 4399 805 4458 i
820 4397 885 4461 suoi
899 4398 1000 4480 presai,
1018 4415 1080 4464 noa
1101 4395 1128 4455 ci
1148 4395 1210 4474 pud
1230 4399 1392 4474 tratteuere
1414 4390 1444 4452 di

296 4495 398 4550 eutrar
420 4508 436 4550 a
455 4499 540 4569 parte
560 4493 590 4554 di
609 4493 708 4572 quella
731 4512 848 4556 somma
870 4492 1077 4555 consolacione
1094 4491 1150 4553 che
1175 4493 1244 4553 aurit
1266 4495 1395 4571 provata¹
1414 4489 1443 4550 la
