3188 5414
224 497 273 547 168
648 492 854 547 CLEMENTlS
873 491 939 544 xlv

220 598 346 673 litteras,
359 596 468 678 quibus
487 597 576 676 plane
593 614 648 675 pro
662 602 714 656 tua
735 614 805 674 erga
817 597 878 656 Nos
892 594 1033 673 singulari
1047 594 1159 674 pietate
1170 595 1275 676 exples
1291 614 1379 656 sum-·

221 712 305 754 mum
330 693 403 754 illud
426 691 605 754 desiderium
616 738 624 768 ,
648 710 709 772 quo
729 691 900 770 llagramus,
920 696 953 751 ut
976 690 1187 770 Hispaniarum
1205 690 1372 769 Infantem,

173 767 178 785 x
219 790 351 871 primum
364 791 513 869 Nepotem
535 796 636 864 tuum,
658 806 748 869 quem
762 788 990 868 exoptatissimo
1010 794 1098 868 partu
1121 787 1326 850 dilectissima
1340 791 1373 850 in

147 895 161 910 ·
219 887 335 948 Christo
344 887 412 948 filiae
422 892 531 949 nostra
549 887 676 967 Aloysiae
688 887 787 948 Maria
799 886 984 967 Principissa
993 886 1183 948 Asturiarum
1197 889 1301 949 Nurus
1311 896 1373 950 tua

219 987 301 1046 brevi
319 986 453 1067 genitum
472 985 508 1045 iri
527 985 716 1046 confidimus.
736 987 797 1047 Nos
811 985 869 1066 ipsi
883 984 914 1045 in
928 1001 1014 1045 sacra
1026 984 1253 1063 regeneratione
1271 986 1374 1046 susci-

154 1097 156 1103 ’
218 1103 300 1164 pere,
321 1103 356 1144 ac
378 1084 407 1145 in
428 1083 479 1146 illa
492 1089 577 1145 tanta
593 1082 765 1146 celebritate
779 1082 889 1164 patrini
906 1095 1016 1144 munus
1033 1082 1179 1144 sustinere
1191 1100 1368 1164 possumus.

220 1180 393 1260 Respondes
407 1180 470 1261 ipse
479 1179 589 1261 optatis
602 1180 649 1241 his
657 1180 772 1241 Nostris
782 1226 790 1257 ,
801 1198 836 1241 ac
848 1184 912 1240 tam
924 1177 1043 1241 abunde
1052 1179 1216 1259 respondes
1225 1188 1261 1242 ιιι
1272 1184 1373 1245 multo

218 1279 398 1341 cumulatius
410 1285 548 1340 nostrum
562 1278 706 1358 gaudium
721 1279 829 1340 reddas
840 1278 915 1340 dum
926 1279 956 1339 in
970 1279 1035 1358 ejus
1052 1278 1144 1340 officii
1157 1277 1371 1360 perfunctione

220 1377 335 1437 socium
346 1386 377 1438 te
390 1376 483 1438 Nobis
496 1375 631 1454 exhibes,
650 1395 769 1456 unaque
781 1376 867 1458 cupis
883 1383 917 1437 ut
933 1376 1023 1437 ambo
1043 1395 1167 1456 operam
1186 1385 1323 1439 nostram
1337 1380 1369 1440 in

124 1496 129 1507 ·
220 1475 269 1534 illa
284 1473 473 1553 susceptione
486 1473 687 1536 conferamus.
701 1474 810 1536 Mirum
824 1493 896 1535 sane
911 1480 966 1552 est,
982 1473 1134 1535 carissime
1146 1475 1176 1535 in
1192 1475 1313 1565 Christo
1325 1476 1369 1539 lili

219 1587 332 1657 rioster,
348 1585 459 1659 quanta
476 1579 513 1640 ad
532 1586 667 1643 nostram
675 1580 895 1659 jucunditatem
907 1599 944 1640 ex
958 1579 1014 1641 ista
1028 1580 1171 1641 societate
1184 1587 1237 1642 tua
1252 1583 1306 1643 nat
1320 1603 1370 1644 ac-

221 1678 332 1755 cessio,
349 1696 419 1738 cum
437 1677 532 1740 multo
554 1676 651 1740 adhuc
672 1678 909 1757 coniunctiorem
932 1677 1087 1738 vobiscum
1114 1679 1369 1742 necessitudinem

221 1782 357 1839 nostram
370 1775 439 1838 inde
451 1775 610 1838 astituram
623 1775 831 1857 intelligamus.
845 1775 931 1857 Quod
944 1774 1065 1855 quidem
1080 1775 1206 1837 mirifice
1218 1779 1369 1839 consentit

220 1895 291 1938 oum
303 1875 445 1958 singulari
461 1881 550 1956 atque
563 1875 722 1952 immensa,
735 1894 794 1986 qua
808 1880 918 1954 ergata
928 1880 1072 1952 tuamque
1092 1873 1215 1954 Regiam
1235 1874 1367 1936 Domum

219 1994 334 2051 sumus,
348 1994 387 2056 pa
389 1980 474 2035 terna
490 1972 626 2049 caritate,
640 1974 707 2052 quae
727 1973 812 2034 novis
825 1969 997 2052 hujusmodi
1020 1978 1086 2031 mut
1087 1971 1117 2032 ui
1139 1972 1250 2033 amoris
1268 1975 1402 2065 causis

124 2064 134 2088 ⁸
220 2074 318 2134 adhuc
312 2072 428 2177 magis
442 2071 617 2137 exerescita
619 2077 690 2152 tque
709 2071 836 2132 illustt
778 2076 823 2131 tra
824 2077 883 2130 t.ur
899 2071 977 2129 Dum
992 2074 1026 2128 tu
1040 2067 1129 2146 igitur
1143 2067 1180 2128 de
1196 2069 1368 2131 Praedeces-

219 2189 321 2232 sorum
342 2177 463 2233 tuorum
484 2187 567 2230 more
588 2169 688 2230 Filiit
675 2172 719 2230 tui
738 2168 896 2230 luturum
889 2186 919 2229 ιιι
939 2165 1130 2247 amplissimis
1152 2165 1263 2244 Regnis
1290 2167 1369 2229 Suo-

220 2285 368 2327 eessorem
390 2267 420 2326 in
439 2266 525 2347 Bapt'
519 2284 593 2327 rsmo
607 2266 771 2328 Nobiscum
788 2271 979 2347 suscepturus
1001 2283 1052 2339 es,
1069 2279 1104 2324 ac
1118 2262 1157 2325 ad
1176 2265 1232 2324 Avi
1255 2282 1369 2327 nomen

221 2360 335 2421 Patrini
349 2379 509 2440 personam
527 2361 701 2441 adjungens,
716 2362 823 2423 deinde
844 2361 1038 2424 sanctissimis
1051 2360 1202 2439 religionis
1217 2380 1252 2422 ac
1270 2362 1368 2424 virtu·
1438 2394 1441 2402 ,

219 2466 284 2518 tum
297 2459 451 2539 preceptis
463 2464 552 2541 atque
565 2460 707 2541 exemplis
729 2462 766 2520 ad
777 2462 918 2542 praeclare
933 2460 1120 2541 regnandum
1137 2459 1366 2539 informaturus,

217 2557 279 2614 Nos
293 2561 420 2615 nostras·
429 2556 520 2616 etiam
534 2574 656 2634 agemus
671 2564 783 2637 partae,
798 2557 971 2618 ae'eundem
983 2575 1043 2617 una
1057 2564 1158 2617 tecum
1170 2557 1368 2639 suscipientes

206 2673 254 2728 eo
274 2651 416 2713 nimirum
430 2652 648 2733 impensissimo
661 2655 760 2716 ollicio
778 2655 891 2716 Patrini
906 2673 1016 2716 munus
1029 2653 1112 2716 obire
1126 2655 1317 2734 curahuuus,
1334 2663 1369 2718 ιιι

218 2749 317 2811 eximii
331 2749 446 2830 paterni
463 2751 553 2811 animi
569 2749 599 2812 in
614 2770 682 2812 cum
702 2753 800 2814 studia
811 2753 912 2815 omnia
930 2753 1138 2832 conferamus,
1153 2772 1251 2834 neque
1270 2755 1369 2818 desis-

217 2857 317 2910 tamus
335 2867 468 2929 unquam
478 2852 574 2912 Deum
590 2852 658 2931 Opt.
676 2853 755 2912 Max.
771 2871 826 2933 pro
838 2852 902 2929 ejus
920 2850 1136 2928 incolumitate,
1150 2849 1305 2928 felicitate,
1317 2872 1370 2914 ve-

218 2965 310 3026 raque
324 2967 360 3009 ac
380 2947 475 3012 solida
490 2948 585 3030 gloria
601 2949 766 3030 deprecari.
788 2950 989 3012 Vehementer
1004 2949 1104 3029 itaque
1117 2949 1172 3010 tibi
1185 2968 1370 3030 persuasum

217 3068 283 3109 esse
309 3049 446 3128 cupimus
468 3069 601 3111 summas
624 3049 735 3111 idcirco
757 3068 812 3131 per
832 3050 894 3111 Nos
912 3048 1014 3110 baberi
1029 3047 1176 3124 Maiestati
1190 3051 1262 3110 Tuae
1277 3056 1369 3130 atque

220 3148 265 3224 agi
280 3148 408 3225 gratias,
430 3167 465 3208 ac
485 3167 555 3210 eum
575 3148 606 3208 in
630 3148 753 3207 modum
774 3146 870 3228 excipi
895 3166 912 3207 a
932 3145 1025 3206 Nobis
1048 3145 1112 3223 ejus
1139 3151 1197 3208 tue
1216 3146 1368 3207 societatis

218 3244 478 3320 communionem,
491 3254 524 3305 ut
539 3244 613 3306 nihil
629 3244 679 3327 illa
692 3244 739 3303 vel
761 3244 799 3304 ad
815 3244 996 3307 celebritatis
1016 3243 1125 3321 decus,
1141 3245 1188 3305 vel
1208 3243 1247 3306 ad
1261 3245 1369 3316 latitia

217 3347 324 3403 nostra
335 3344 490 3403 cumulum
500 3341 653 3420 illustrius
661 3349 750 3423 atque
758 3342 1063 3424 ampliusessepossit.
1073 3342 1369 3406 llludtantumrnodo

218 3438 391 3500 defuturum
404 3438 540 3502 videmus
563 3440 600 3500 ad
613 3440 705 3500 nostri
722 3440 821 3518 gaudii
833 3458 999 3514 summam,
1021 3438 1102 3519 quod
1116 3440 1177 3499 Nos
1190 3438 1247 3519 ipsi
1261 3459 1368 3502 coram

216 3534 370 3610 interesse,
387 3553 422 3594 ac
432 3542 535 3598 nostra
548 3555 602 3616 per
614 3537 674 3596 Nos
689 3535 770 3616 fungi
781 3543 867 3617 parte
878 3534 1058 3615 longissimis
1072 3535 1208 3596 locorum
1220 3535 1370 3599 interval-

146 3672 149 3677 -
214 3633 253 3693 lis
269 3632 447 3715 impedimur
456 3658 464 3711 ;
481 3635 644 3696 solabimur
656 3643 757 3697 tamen
770 3631 936 3695 absentiam
949 3633 1029 3692 hanc
1040 3632 1166 3711 optima,
1186 3651 1247 3711 qua
1265 3634 1374 3698 licebit

216 3729 342 3810 ratione,
354 3749 422 3793 cum
434 3731 529 3812 parati
543 3718 646 3793 sumus
657 3730 698 3791 illi
710 3731 788 3792 vices
802 3734 920 3790 nostras
931 3726 1125 3807 demandare,
1137 3747 1228 3810 quem
1242 3728 1308 3811 ipse
1318 3731 1371 3792 do·

218 3831 338 3911 lagerio,
358 3831 470 3912 tibique
490 3839 610 3912 gratum
626 3830 689 3890 fore
704 3829 929 3907 significaveris,
949 3828 999 3907 qui
1015 3828 1127 3889 scilicet
1148 3847 1201 3908 per
1217 3845 1249 3889 se
1268 3829 1372 3908 ipsum

217 3930 309 3990 etiam
330 3929 447 3990 efficere
465 3930 577 4009 possit,
593 3925 834 4007 acceptissimum
846 3923 899 3984 tibi
915 3931 948 3985 ut
960 3925 1014 3999 sit,
1029 3924 1109 4003 quod
1128 3932 1231 3984 nostro
1243 3922 1374 3984 nominc

217 4035 410 4106 praestaturus
423 4034 468 4087 est
486 4045 606 4087 munus,
631 4023 716 4098 Quod
744 4021 894 4102 reliquum
914 4029 959 4084 est
983 4021 1124 4101 quodque
1148 4021 1211 4100 ipse
1234 4019 1374 4080 maxime

218 4126 349 4201 postulas
365 4145 381 4186 a
395 4124 486 4187 Nobis
496 4168 504 4200 ,
521 4124 646 4184 assiduis
669 4142 686 4183 a
708 4124 769 4182 Deo
788 4121 1094 4203 precibuspetimus,
1113 4126 1146 4180 ut
1160 4118 1372 4183 [elicissimunr

218 4222 326 4283 nostris
339 4220 511 4302 hujusmodi
524 4220 600 4282 votis
613 4221 663 4282 det
673 4220 806 4297 exitum,
821 4226 910 4299 atque
926 4220 1017 4300 paulo
1035 4225 1113 4302 post,
1129 4236 1221 4298 quam
1237 4224 1296 4278 tua
1310 4216 1371 4278 illae

220 4318 312 4378 Nobis
322 4319 547 4397 jucundissimae
558 4318 680 4380 reddita
692 4325 790 4380 essent
799 4317 902 4395 literae,
914 4337 983 4380 enm
998 4317 1163 4379 advenisset
1172 4316 1236 4378 dies
1250 4317 1373 4379 Jacobo

209 4416 363 4496 'apostolo
377 4417 527 4498 praecipuo
546 4399 756 4496 Hispaniarum
770 4419 902 4476 Patrono
917 4433 1011 4490 sacer,
1030 4413 1214 4494 perreximus
1232 4411 1272 4472 ad
1288 4411 1372 4472 Nos-

219 4519 296 4575 tram
307 4515 484 4578 Sanctorum
496 4517 549 4575 Xll
562 4516 774 4596 Apostolorum
790 4514 958 4592 Basilicam,
972 4513 1071 4593 ibique
1084 4514 1122 4576 ad
1136 4515 1250 4589 Altare,
1262 4511 1291 4571 in
1303 4528 1374 4596 qno
