3188 5414
219 510 273 575 nu
646 501 932 560 cesurnrrsxrv

220 607 453 685 intermittimus,
465 615 555 689 atque
562 611 647 670 enixe
654 609 807 689 deprecari
814 608 898 671 illum
906 613 940 669 ut
950 605 1126 668 misereatur
1135 603 1269 666 nationis
1280 621 1320 665 ne
1328 623 1374 665 re

220 705 328 786 ligioue
343 722 461 785 semper
470 704 582 785 optime
594 705 718 782 merita,
731 711 762 768 ct
771 704 897 785 integra,
908 708 999 784 atque
1008 699 1150 764 incolumi
1162 697 1257 761 divini
1271 699 1374 761 cultus

220 802 378 866 sanctitate
392 809 510 871 servata
526 804 641 867 nullam
657 809 690 864 ut
707 802 843 882 eiusdem
857 802 987 865 nationis
1008 808 1127 884 partem
1145 799 1297 860 removeri
1311 816 1374 859 un-

219 917 345 980 quama
363 895 553 981 percipiendo
568 898 701 965 maximo
722 918 759 962 ac
779 899 954 962 beatissimo
975 895 1199 978 Redemptionis
1221 895 1373 985 beneficio

220 994 310 1057 sinat,
319 997 433 1058 Verum
446 1013 517 1057 cum
530 1009 668 1058 summus
682 993 763 1058 idem
777 1014 878 1058 rerum
892 995 1095 1058 humanarum
1107 990 1255 1056 Dominus
1264 990 1295 1053 in
1309 993 1371 1054 suis

220 1089 326 1157 divinis
337 1091 496 1172 largiendis
514 1091 657 1174 presidiis
670 1091 795 1154 minime
812 1089 942 1154 otiosam
955 1096 1045 1172 atque
1062 1089 1189 1152 inertem
1208 1086 1371 1150 hominum

220 1186 310 1251 etium
324 1206 450 1270 operam
466 1207 532 1252 esse
548 1190 629 1267 velit,
644 1189 696 1252 sed
710 1208 781 1251 cum
793 1195 898 1252 nostra
910 1188 1032 1265 fiducia,
1046 1187 1216 1266 nostrisque
1231 1183 1271 1246 ad
1284 1183 1371 1245 illum

207 1284 359 1372 ¹precibus
383 1286 523 1366 conjungi
539 1286 645 1365 jubeat
663 1287 793 1367 aptiores
812 1305 948 1367 quasque
968 1284 1093 1349 humani
1114 1281 1259 1359 subsidii,
1280 1288 1371 1362 atquc

218 1380 371 1446 industrie
384 1381 526 1459 rationes,
539 1382 703 1461 Maiestatis
723 1386 793 1445 Tuae
804 1402 895 1464 opem
908 1393 938 1445 et
952 1382 1122 1464 presidium
1133 1398 1196 1461 quo
1209 1378 1285 1442 nihil
1296 1379 1372 1441 reli-

218 1474 425 1558 gionituendae
435 1484 535 1561 potest
544 1497 608 1543 csse
617 1481 815 1562 opportunius
823 1481 1013 1563 potissimum
1024 1479 1205 1560 flagitamus,
1219 1485 1312 1560 atque
1323 1496 1372 1540 ex·

223 1574 389 1656 poscimus.
401 1577 444 1639 Te
458 1576 563 1658 itaque
577 1594 670 1658 quam
681 1579 812 1644 maxime
825 1597 987 1660 possumus
1003 1577 1034 1639 in
1048 1575 1177 1640 Domino
1196 1573 1369 1651 hortamur,

220 1680 311 1754 atque
325 1674 524 1752 obtestamur,
535 1674 687 1739 carissime
700 1675 731 1736 in
743 1674 861 1738 Christo
879 1675 921 1738 fili
939 1680 1051 1751 noster,
1072 1671 1111 1734 ad
1124 1671 1203 1735 hanc
1212 1688 1269 1752 per
1282 1688 1370 1750 egre-

186 1849 189 1854 ·
219 1768 302 1848 giam
313 1769 419 1836 divina
432 1771 532 1851 grona
543 1771 712 1838 navandam
726 1790 862 1853 operam.
874 1774 949 1835 Cum
968 1769 1086 1853 imperii
1098 1769 1142 1831 tui
1156 1768 1289 1849 dignitas
1300 1767 1369 1830 fidei

220 1865 387 1941 defensoris
403 1886 439 1930 ac
455 1868 593 1932 Ecclesia
611 1869 731 1950 patroni
748 1869 803 1932 tibi
821 1888 932 1932 munus
946 1877 977 1932 et
996 1885 1108 1931 nornen
1120 1867 1276 1947 imponat,
1297 1866 1369 1929 nihil

219 1972 302 2029 uerte
325 1966 477 2048 antiquius
498 1966 553 2030 tibi
576 1985 639 2032 esse
660 1969 789 2048 poterit,
801 1987 895 2049 quam
913 1974 948 2030 ut
966 1968 1059 2030 talem
1080 1972 1112 2028 et
1132 1982 1323 2045 nuncupari,
1341 1973 1370 2026 ct

219 2060 320 2142 reipsa
330 2068 361 2124 tc
378 2080 444 2129 esse
463 2062 607 2128 declares.
628 2065 733 2127 Nullus
747 2065 843 2145 magis
862 2071 1081 2127 consentaneus
1096 2081 1133 2124 ac
1145 2059 1268 2125 debitus
1277 2080 1370 2143 opum

220 2159 372 2238 potentia,
388 2167 479 2240 atquc
493 2160 680 2223 auctoritatis
690 2167 748 2223 tuae
761 2180 835 2224 usus
847 2179 911 2224 esse
922 2167 1039 2243 potest,
1051 2178 1143 2241 quam
1157 2158 1188 2221 in
1209 2159 1370 2229 aaerenda

221 2256 319 2318 modis
333 2257 474 2323 omnibus
486 2258 582 2337 gloria
595 2259 737 2338 cultuque
749 2260 802 2321 Dei
814 2260 960 2338 altissimi,
971 2261 1059 2339 cuius
1072 2259 1221 2322 beneficio
1234 2260 1371 2323 universa

220 2353 286 2416 nec
301 2354 394 2418 babes
412 2363 548 2436 accepta.
562 2356 766 2431 Quamobrem
784 2356 908 2418 omuino
926 2363 957 2418 te
976 2355 1158 2418 confidimus
1175 2355 1318 2436 praesidio
1335 2375 1371 2420 eo

221 2449 379 2530 ampliore,
393 2468 455 2530 quo
468 2452 583 2530 majore
600 2450 631 2513 in
647 2451 780 2531 periculo
799 2471 848 2513 res
864 2461 1022 2520 versantur
1044 2452 1220 2516 adiuturum
1235 2453 1372 2515 Venera-

221 2544 273 2608 bili
288 2544 385 2609 Fratri
404 2545 539 2628 Josepbo
550 2545 785 2628 Archiepiscopo
798 2549 898 2628 Beryti
917 2548 1068 2611 ordinario
1081 2553 1186 2609 nostro
1199 2547 1233 2612 in
1247 2548 1374 2611 Potonia

220 2643 327 2706 nuntio
340 2643 371 2707 in
383 2642 414 2711 id
423 2643 503 2708 idem
516 2652 620 2707 nostro
634 2643 756 2708 nomine
770 2643 967 2722 incumbenti,
980 2652 1010 2707 et
1021 2645 1134 2707 caeteris
1143 2644 1289 2711 omnibus
1303 2644 1372 2707 fidei

220 2759 358 2820 causam,
369 2747 459 2822 atquc
468 2741 708 2811 incolumitatem
717 2741 883 2821 tuentibus,
895 2759 994 2823 neque
1005 2759 1165 2824 passurum
1178 2748 1213 2806 ut
1225 2742 1373 2824 cuiusque

220 2839 347 2904 infestus
356 2840 514 2911 Catholicae
524 2839 658 2921 religioni
670 2838 788 2907 animus
798 2839 894 2920 magis
902 2840 933 2902 in
942 2839 1049 2908 eadem
1056 2838 1263 2920 oppugnanda
1277 2839 1373 2903 autin

126 3004 139 3030 0
220 2935 383 3006 discrimen
398 2937 575 3007 adducenda
583 2983 592 3015 ,
602 2955 695 3019 quam
707 2942 795 3007 tuum
811 2936 960 3015 studium,
975 2945 1088 3018 tuaque
1103 2934 1270 3002 auctoritas
1283 2935 1376 2999 inde·

218 3032 368 3103 fendenda
378 3043 430 3096 aut
441 3033 605 3106 munienda
616 3033 985 3114 valeat.Deum0ptimum
992 3033 1159 3101 Maximum
1170 3049 1335 3113 precamur
1341 3040 1376 3094 ut

216 3130 251 3192 in
259 3131 414 3210 Maiestate
421 3133 487 3194 Tua
493 3131 652 3197 confirmet
658 3131 738 3194 hanc
745 3130 798 3197 tibi
807 3129 995 3197 utilissimam
1005 3128 1121 3209 sibique
1128 3126 1373 3208 acceptissimam

218 3228 418 3305 voluntatem,
433 3236 526 3309 utque
537 3247 593 3298 suo
605 3228 712 3298 celesti
726 3227 911 3309 patrocinio,
927 3245 988 3308 quo
1001 3245 1104 3306 reges,
1116 3241 1281 3306 regumque
1301 3223 1374 3285 iur-

220 3333 299 3388 tunae
312 3325 497 3395 sustinentur
508 3326 548 3388 ob
562 3327 704 3408 praeclare
713 3325 880 3404 defensam,
890 3344 925 3390 ac
938 3324 1179 3392 conservandam
1191 3321 1300 3389 avitam
1312 3323 1374 3384 Po

218 3419 305 3482 lonioe
317 3419 490 3500 religionem
504 3411 666 3503 Maiestatis
678 3423 749 3483 Tne
760 3421 932 3493 felicitatem
945 3430 1035 3501 atque
1051 3418 1180 3500 gloriam
1193 3415 1375 3494 clariorem,

218 3525 309 3598 atque
334 3516 511 3598 ampliorem
528 3516 560 3579 in
575 3516 639 3588 dies
661 3516 763 3581 iaciat.
784 3523 913 3590 uernum
932 3518 963 3586 in
983 3523 1116 3599 paternae
1134 3534 1177 3597 ac
1191 3512 1376 3594 singularis,

216 3633 278 3696 qua
292 3621 322 3678 tc
335 3614 563 3694 complectimur
574 3614 789 3678 benevolentia
797 3615 905 3696 pignus
920 3612 1115 3695 apostolicam
1128 3608 1378 3679 benedictionem

216 3711 368 3792 ltiajestati
384 3711 410 3769 T
411 3730 456 3772 uae
467 3711 671 3774 amantissime
680 3712 881 3795 impertimur.
894 3713 1008 3775 Datum
1018 3712 1131 3782 Romoe,
1151 3709 1236 3789 apud
1252 3709 1288 3775 S.
1311 3708 1378 3768 Pe-

219 3819 313 3885 trum,
324 3811 378 3878 sub
389 3812 514 3883 Annulo
524 3815 698 3891 Piscatoris
711 3812 761 3881 die
771 3814 875 3878 martii
887 3820 975 3888 irre,
983 3810 1171 3888 pontificatus
1179 3810 1279 3875 nostri
1290 3821 1377 3874 anno

111 3932 112 3936 ¹
219 3921 337 3990 quarto.

708 4085 891 4100 -ffl
