3188 5414
618 600 621 606 4
650 517 857 573 CLEMENTIS
877 519 943 575 xlv
982 562 991 573 ⁴.

725 705 861 777 CLXVl.

478 870 650 913 cariosum
674 872 710 913 ru
732 872 866 914 unrrsru
889 872 977 915 erem
999 872 1118 916 nosrro

399 975 550 1039 CAROLO
572 976 844 1047 HISPANIARUM
864 979 956 1041 REGI
977 980 1196 1042 curfloulco

460 1184 462 1189 .
535 1099 769 1187 CLEMENS
796 1103 925 1186 Paua
953 1101 1059 1181 XlV.

934 1261 1028 1319 Rome,
1048 1265 1076 1309 11
1088 1259 1228 1309 novembris
1243 1265 1313 1312 1171.

268 1365 445 1436 Carissimo,
461 1372 517 1427 etc.
540 1366 605 1427 Nou
624 1365 739 1446 regiam
758 1367 857 1432 solum
875 1371 965 1446 teque
983 1362 1105 1446 dignam
1129 1363 1224 1426 animi
1247 1367 1373 1437 munitl-

224 1461 353 1523 centiam
364 1461 539 1523 sadeximia
556 1461 649 1523 etiam
668 1467 723 1523 tua
744 1480 814 1543 ergo
833 1462 895 1524 Nos
914 1460 1014 1523 studia
1024 1506 1033 1538 ,
1050 1479 1086 1523 ac
1104 1469 1298 1543 perspectam
1310 1465 1375 1544 jum

223 1558 342 1640 pridem
353 1559 498 1641 pietatem
508 1559 600 1622 Nubis
610 1566 664 1622 tuo
675 1579 813 1637 munere,
821 1558 904 1645 quod
912 1577 1009 1644 nuper
1018 1559 1206 1645 accepimus,
1218 1561 1372 1625 carissime

223 1655 255 1716 in
267 1656 384 1719 Christo
401 1658 443 1721 tili
456 1665 568 1736 noster,
580 1659 777 1738 confirmasti,
792 1677 828 1721 ao
843 1663 995 1721 recentem
1006 1656 1086 1719 banc
1100 1655 1139 1719 ad
1151 1659 1325 1745 superiores
1336 1661 1373 1724 de

224 1760 254 1815 te
278 1752 396 1816 letandi
420 1774 527 1821 causas
549 1755 720 1839 adjunxisti.
746 1758 820 1823 Cum
843 1756 925 1821 enim
952 1771 1103 1818 summam
1126 1772 1163 1816 ac
1188 1755 1371 1837 singularem

223 1850 255 1913 in
275 1858 305 1914 te
322 1859 452 1933 paterne
476 1853 637 1916 uoluntatis
655 1854 813 1917 caritatem
826 1854 890 1933 jam
907 1852 960 1915 diu
982 1851 1216 1930 contulerimus,
1235 1854 1311 1918 nihil
1322 1856 1372 1936 jn-

222 1949 350 2013 cundius
365 1951 499 2015 accidere
515 1951 614 2034 potuit
630 1972 724 2037 quam
742 1953 828 2017 nous
842 1953 887 2014 tui
899 1950 1011 2015 amoris
1021 1949 1138 2012 iudiciis
1149 1949 1248 2032 magls
1264 1951 1298 2025 in
1311 1952 1370 2016 dies

222 2046 396 2125 persuaderi
408 2047 511 2125 Nobis,
534 2056 567 2112 ut
579 2051 663 2130 quud
675 2070 731 2133 pro
745 2049 900 2113 excellenti
915 2056 1037 2113 tuarum
1049 2047 1197 2111 uirtutum
1208 2048 1302 2113 laude
1320 2051 1367 2114 ia-

222 2144 333 2223 cimus,
346 2143 379 2207 id
391 2165 449 2232 pro
462 2147 525 2211 tuis
541 2149 636 2212 ctiam
649 2153 715 2211 tam
724 2148 837 2212 crebris
859 2165 894 2210 ac
910 2145 1120 2230 prestantibus
1131 2145 1162 2206 in
1182 2146 1246 2208 Nos
1266 2147 1372 2212 oldclls

223 2260 259 2303 ac
278 2242 393 2306 meritis
412 2263 532 2328 semper
548 2246 604 2311 tibi
623 2246 798 2311 debeamus.
816 2242 1074 2310 munausinas
1093 2240 1196 2327 tuque
1221 2243 1368 2325 majestati

221 2341 305 2419 Tuae,
319 2358 355 2405 ac
368 2359 444 2425 quas
457 2345 605 2407 maximas
624 2363 796 2426 possumus,
808 2333 957 2408 habemus
970 2342 1094 2425 gratim
1108 2358 1241 2429 eramque
1252 2344 1308 2407 tibi
1321 2338 1370 2408 de*

223 2439 345 2501 terimus
372 2439 507 2503 animum
526 2448 683 2519 nostrum,
702 2461 764 2527 quo
783 2442 964 2524 gratiorem,
986 2459 1023 2502 ao
1041 2439 1071 2501 in
1096 2447 1125 2500 te
1146 2438 1304 2520 diligendo
1318 2442 1370 2507 h·

222 2534 452 2600 tlammatiorem
472 2545 504 2602 st
517 2539 578 2602 Nos
596 2546 749 2622 praestare,
768 2550 799 2602 et
820 2545 854 2602 tu
871 2539 937 2622 ipse
957 2544 1062 2622 optare
1079 2552 1141 2598 nou
1161 2536 1274 2621 possis.
1285 2539 1368 2614 Quat

221 2632 370 2714 reliquum
384 2642 447 2715 est,
462 2637 617 2703 carissime
629 2637 661 2700 iu
677 2636 792 2700 Christo
802 2637 846 2700 fili
859 2643 973 2717 noster,
989 2641 1083 2700 allec
1101 2637 1225 2722 Optimo
1238 2638 1366 2707 Maximi

221 2731 309 2795 enixa
324 2732 502 2818 assiduaque
516 2735 723 2805 obsecratione
734 2734 959 2814 contendimus,
971 2743 1004 2798 ut
1017 2735 1171 2814 virtutem,
1193 2735 1323 2817 gloriam
1334 2754 1366 2801 uo

220 2827 394 2893 felicitatem
408 2839 493 2900 tuam
506 2834 592 2898 novis
602 2835 666 2918 ipse
680 2852 805 2904 suorum
817 2833 1034 2900 beneficiorum
1046 2831 1272 2901 recessionibus
1281 2843 1366 2901 ornet

220 2931 251 2985 ct
264 2922 408 3009 cumulet,
429 2951 464 3010 ao
477 2933 643 3020 precipue,
661 2953 753 3016 quem
767 2934 806 3000 ab
825 2952 863 2999 eo
875 2949 973 3016 nuper
988 2929 1138 3013 accepisti,
1153 2931 1365 3017 Hispaniarum

220 3023 367 3089 Infantem
387 3030 530 3096 carolum
550 3032 733 3097 Clementem
753 3048 930 3101 communes
950 3028 1073 3093 delicias
1094 3034 1231 3111 nostras,
1251 3029 1365 3094 salvum

221 3127 311 3202 atque
337 3124 520 3191 incolumem
550 3128 605 3192 tibi
631 3146 783 3211 regnoque
806 3127 907 3190 iaciat.
932 3125 992 3188 Sed
1014 3143 1090 3208 quos
1121 3124 1160 3187 de
1183 3124 1238 3188 illo
1259 3124 1298 3191 de
1320 3131 1364 3202 to,

218 3219 338 3303 tuisque
354 3223 454 3287 liberis
473 3224 614 3288 omnibus
632 3232 790 3309 perceptos
808 3225 974 3288 habeamus
993 3223 1072 3285 iutra
1092 3241 1148 3285 nos
1167 3241 1288 3302 seusus,
1308 3242 1365 3311 qua

219 3317 374 3400 voluptate
387 3319 425 3382 de
437 3326 528 3385 tante
538 3324 652 3387 Domus
663 3320 849 3387 incremento
864 3321 1038 3399 alteramur,
1053 3337 1178 3403 queque
1188 3325 1296 3387 nostra
1307 3318 1365 3382 im-

166 3450 170 3458 ,
218 3423 375 3493 posterum
389 3423 460 3479 vota
470 3417 508 3480 de
524 3417 660 3499 ejusdem
671 3417 810 3481 felicitate
823 3418 901 3497 sint,
914 3416 1010 3500 magis
1028 3434 1066 3479 ex
1084 3416 1120 3479 iis
1129 3416 1287 3505 percipere
1307 3432 1365 3509 po-

218 3515 307 3594 teris,
322 3533 388 3597 quaa
399 3535 496 3602 nuper
507 3517 600 3583 locuti
623 3517 655 3581 in
676 3519 797 3580 Secreto
820 3515 1021 3579 Cardinalium
1043 3513 1229 3578 consistorio
1243 3532 1363 3590 sumus,

218 3631 290 3679 eum
306 3613 419 3682 eisdem
431 3615 537 3681 letitie
547 3621 658 3682 nostre
669 3613 906 3698 magnitudinem
913 3612 1220 3675 communicaremus.
1235 3610 1363 3679 Proinde

218 3735 289 3783 eam
308 3717 362 3780 tibi
382 3718 465 3781 hisce
493 3719 686 3799 conjunctam
710 3715 941 3781 transmittimus
965 3712 1188 3775 Allocutionem
1214 3718 1366 3788 nostram,

217 3833 312 3895 quam
332 3815 412 3899 typis
425 3815 473 3883 edi
483 3816 643 3893 voluimus,
663 3822 697 3878 ut
709 3812 866 3898 publicum
884 3810 976 3876 etiam
989 3815 1105 3871 extaret
1119 3808 1286 3872 hocanimi
1298 3825 1367 3889 erga

217 3923 247 3975 te
260 3912 357 3978 nostri
372 3913 403 3975 iu
422 3921 507 3977 tanta
517 3913 743 3997 opportunitate
757 3917 998 3993 monumentum.
1012 3911 1111 3991 Atque
1129 3915 1163 3971 ut
1176 3907 1248 3970 telin
1264 3907 1367 3993 hrp‘us

217 4013 301 4075 modi
316 4019 455 4075 votorum
474 4013 641 4094 auspicium
661 4011 700 4074 sit
718 4011 897 4074 roboramus
914 4009 1014 4091 ipsum
1033 4006 1198 4091 apostolica
1220 4004 1368 4071 benedic-

217 4110 315 4191 tione,
339 4128 431 4196 quam
457 4110 488 4171 in
514 4117 622 4174 nostre
649 4110 741 4175 etiam
765 4116 896 4193 paterne
925 4108 1058 4174 caritatis
1082 4108 1191 4193 pignus
1216 4103 1368 4196 Majrestati

217 4210 300 4288 Tua,
309 4210 511 4292 universeque
524 4208 681 4273 catholica
694 4208 803 4272 Domui
814 4207 1018 4274 amantissime
1028 4205 1233 4291 impertimur.
1250 4207 1368 4272 Datuu

217 4312 328 4385 Rome,
342 4318 411 4390 eta,
434 4311 483 4375 die
508 4321 541 4372 11
561 4311 727 4373 novembris
744 4319 815 4370 1111
829 4351 837 4383 ,
845 4307 1037 4387 postulentur
1056 4307 1151 4371 nostri
1165 4322 1249 4366 uano
1262 4306 1366 4365 tertio.

698 4474 872 4485 ...φα-
