3188 5414
479 505 662 563 EPISTOLAE
678 507 723 560 ΕΤ
742 509 877 563 BREVlA
895 508 1129 566 sssuucrroax.
1323 516 1378 569 '⁸249

741 678 866 776 ccxx.

233 867 236 874 .
478 832 653 876 CARISSIMAE
675 835 708 877 ru
731 835 865 890 CHRISTO
886 838 982 882 ,Hm
1003 838 1131 883 rosan

228 958 232 967 ,
278 928 416 990 xxxin
435 931 642 992 rnnnnsrn
659 932 875 994 annexam
893 920 1054 997 nucum
1071 920 1352 1010 apostolica.

499 1046 626 1096 uacum
641 1047 793 1097 BOHEMIAE
807 1047 933 1098 REGINAE
948 1049 1109 1111 incusum,
1229 1055 1232 1061 '

412 1143 448 1192 lu
465 1145 665 1195 ROMANORUM
681 1146 916 1197 immurmurent
931 1146 1061 1197 ELEGTAE
1076 1147 1199 1207 VIDUAE,

543 1239 775 1337 crunnus
802 1242 930 1319 rara
957 1237 1064 1318 xxx.

986 1393 1083 1452 Rome,
1099 1395 1128 1440 20
1138 1389 1216 1440 martii
1232 1393 1298 1440 1773.

228 1522 231 1532 2
271 1488 450 1566 Carissimo,
463 1497 518 1552 etc.
535 1492 578 1551 Ex
592 1491 766 1571 nostrispro
779 1489 890 1552 tuenda
902 1487 1054 1551 Catholica
1063 1485 1225 1549 inPolonia
1236 1484 1377 1564 religione

228 1579 269 1640 ad
278 1582 467 1661 Majestatem
477 1587 575 1647 Tuam
585 1585 663 1655 datis
676 1592 763 1648 antea
778 1584 884 1647 litteris
896 1583 1059 1664 intelligere
1069 1581 1208 1663 potuisti,
1220 1579 1377 1642 carissima

229 1677 259 1738 iu
272 1680 399 1758 ‚Christo
420 1682 483 1744 filia
505 1691 630 1761 nostra,
651 1691 797 1766 quantam
817 1682 885 1745 iude
906 1678 1137 1744 sollicitudinem
1158 1696 1194 1741 ao
1212 1694 1373 1740 moerorem

227 1776 331 1838 animo
342 1778 515 1858 capiamus,
528 1772 732 1862 quantamque
750 1798 835 1860 spem
851 1798 886 1840 ac
897 1777 1040 1856 fiduciam
1054 1776 1146 1837 intua
1161 1771 1302 1853 singulari
1314 1771 1376 1851 pie-

228 1879 308 1951 tate,
323 1880 436 1956 tuoque
451 1895 523 1957 erga
536 1879 700 1940 Ecclesiam
719 1877 888 1958 patrocinio
904 1875 1097 1968 collocemus.
1123 1873 1198 1933 Cum
1212 1876 1313 1932 autem
1324 1868 1376 1931 ad-

228 1970 346 2032 venisse
367 1973 434 2051 jam
459 1980 579 2056 tempus
598 1975 671 2036 illud
686 1975 841 2036 videamus
860 1992 922 2053 qno
939 1979 1074 2052 tempore
1100 1970 1224 2033 omnino
1253 1979 1375 2031 necesse

229 2067 270 2128 sit
282 2069 394 2149 partim
408 2070 498 2132 illatis
506 2071 652 2133 hactenus
666 2071 734 2133 fidei
742 2116 752 2149 ,
772 2089 808 2133 ac
821 2070 914 2132 divini
930 2070 1027 2130 cultus
1037 2066 1198 2146 integritati
1209 2065 1376 2127 detrimen-

227 2163 266 2226 tis
276 2164 415 2244 mederi,
435 2167 546 2247 partim
561 2169 657 2231 multo
673 2167 859 2250 gravioribus
879 2164 1122 2248 impendentibus
1137 2161 1224 2225 malis
1236 2168 1376 2224 constan·

225 2261 340 2342 tissime
356 2262 514 2342 obsistere,
531 2264 704 2347 eisdemque
724 2283 829 2329 omnes
848 2262 947 2326 aditus
971 2263 1149 2339 obstruere,
1169 2258 1374 2320 incredibilem

226 2357 257 2418 in
268 2358 395 2420 modum
404 2360 494 2439 hujus
503 2362 627 2452 periculi
639 2360 1125 2443 magnitudineacpropinquitate
1135 2376 1373 2434 commovemur,

225 2462 255 2516 et
276 2474 313 2517 eo
334 2457 479 2519 alacriore
497 2459 596 2521 studio
616 2479 706 2541 opem
727 2479 763 2522 ac
780 2459 953 2541 presidium
977 2465 1064 2521 tuum
1086 2458 1295 2538 exposcimus,
1312 2478 1373 2537 quo

225 2553 320 2631 magis
331 2553 382 2616 illo
394 2555 573 2634 indigemus.
588 2557 722 2619 Allatum
741 2557 822 2618 enirn
836 2556 877 2620 ad
887 2551 950 2618 Nos
962 2563 1009 2618 est
1025 2557 1056 2618 in
1069 2557 1214 2637 proximis
1225 2557 1319 2637 Regni
1334 2558 1374 2619 il-

225 2647 284 2710 tius
295 2651 429 2713 Comitiis
442 2671 508 2732 quae
530 2652 663 2734 pericula
677 2672 713 2716 ac
725 2652 934 2716 dimicationes
949 2653 1085 2732 religioni
1099 2652 1294 2732 immineant,
1306 2672 1373 2734 que

224 2747 367 2818 adversus
379 2750 564 2812 catholicam
572 2751 737 2815 Ecclesiam
750 2748 920 2813 molitiones
930 2749 1019 2827 fiant,
1032 2756 1121 2831 atque
1132 2749 1268 2828 ingentes
1279 2749 1373 2812 Nobis

223 2850 293 2905 sunt
306 2852 405 2908 metus
426 2865 461 2909 ac
475 2847 660 2927 suspiciones
680 2848 795 2926 iniecta
816 2841 944 2928 magnos
962 2855 1088 2911 conatus
1100 2848 1217 2910 futuros
1231 2848 1270 2910 de
1284 2849 1373 2910 labe-

223 2941 370 3006 factandis
391 2944 462 3025 ipsis
477 2945 592 3024 legibus
602 2962 661 3025 pro
677 2944 745 3007 fidei
763 2944 969 3007 incolumitate
982 2944 1124 3022 sancitis,
1148 2945 1229 3007 etde
1248 2945 1372 3007 natione

222 3041 294 3103 huic
308 3042 339 3103 S.
362 3042 431 3113 Sedi
449 3060 566 3123 semper
586 3043 863 3122 conjunctissimae
881 3042 989 3120 Nobis,
1004 3049 1094 3124 atque
1105 3042 1245 3104 Ecclesia
1256 3042 1371 3105 unitate

222 3139 304 3201 hunc
317 3139 348 3200 in
357 3139 484 3203 modum
497 3140 663 3204 divellenda
670 3164 679 3217 i
691 3140 743 3203 scd
754 3158 827 3203 omn
837 3141 867 3201 in
883 3141 991 3205 iisdem
1001 3141 1135 3204 Comitiis
1146 3148 1231 3204 tuam
1243 3142 1372 3203 auctori-

222 3243 315 3300 tatem
329 3257 365 3301 ac
379 3241 564 3302 voluntatem
584 3257 766 3321 magnopere
791 3240 951 3304 valituram
970 3241 1188 3320 intelligamus,
1207 3240 1319 3303 mirum
1339 3242 1389 3303 in-

222 3335 346 3397 modum
368 3355 551 3416 recreamur,
570 3343 660 3418 atque
682 3339 713 3400 in
733 3339 833 3402 tutela
854 3345 914 3402 tua
931 3358 984 3420 spe
1007 3338 1260 3420 conquiescimus.
1284 3342 1318 3402 ln
1340 3348 1371 3402 te

226 3435 306 3496 enim
321 3443 435 3516 tuoque
450 3437 488 3499 de
502 3437 646 3518 religione
656 3436 756 3498 studio
769 3437 963 3516 paratissima
973 3437 1044 3499 huic
1056 3437 1196 3499 Ecclesia
1207 3438 1370 3499 calamitati

221 3530 358 3608 presidia
379 3551 414 3593 ac
427 3533 534 3594 solatia
549 3533 613 3594 iore
627 3533 750 3594 omnino
769 3538 976 3613 expectamus.
994 3536 1037 3594 Te
1057 3535 1240 3614 populorum
1255 3540 1371 3596 aeoernae

223 3627 327 3689 salutis
341 3635 371 3689 et
385 3628 490 3691 divine
508 3629 608 3710 gloria
622 3628 873 3693 studiosissimam
889 3638 971 3692 certe
995 3632 1069 3692 nihil
1080 3634 1295 3712 permissuram
1311 3634 1368 3695 sci·
1447 3631 1449 3636 ’

220 3745 289 3787 mus
302 3726 340 3788 de
361 3728 440 3790 avita
454 3729 547 3791 totius
568 3729 697 3791 Poloniae
717 3727 879 3806 religione,
892 3729 967 3789 nihil
984 3728 1022 3791 de
1033 3730 1190 3809 Ecclesia,
1206 3739 1295 3811 atque
1308 3733 1369 3792 Ec-

177 3878 180 3883 .
219 3823 452 3887 clesiasticorum
459 3825 814 3906 juribusdetrahi,neque
822 3844 980 3906 passuram
989 3834 1023 3891 ut
1032 3828 1210 3910 cujusquam
1218 3830 1367 3910 voluntas,

219 3928 309 4000 atque
327 3921 491 3983 auctoritas
504 3921 534 3983 in
553 3921 762 3984 labefactanda
775 3923 908 3985 Ecclesia
921 3925 1017 4004 magis
1034 3926 1146 4005 valeat,
1159 3946 1251 4007 quam
1266 3934 1320 3988 tua
1337 3927 1368 3990 in

218 4019 415 4083 defendenda.
431 4020 560 4084 Proinde
577 4019 745 4082 Venerabili
763 4021 862 4085 Fratri
876 4022 1006 4105 losepho
1020 4023 1256 4108 Archiepiscopo
1267 4027 1368 4107 Beryti

218 4115 369 4180 ordinario
380 4119 522 4180 nostruin
536 4117 659 4179 Polonia
679 4117 792 4181 Nuntio
808 4120 839 4181 id
856 4121 954 4200 ipsum
967 4129 1071 4184 nostro
1085 4122 1207 4184 nomme
1221 4123 1367 4202 satagenti

202 4209 354 4297 ¹prasidio
364 4222 417 4277 tuo
431 4217 462 4277 in
474 4216 537 4278 dies
548 4215 703 4297 ampliore,
713 4219 794 4298 quod
808 4219 1055 4282 hactennsetiam
1068 4237 1188 4281 summa
1198 4219 1367 4283 cumlaude

216 4311 394 4391 prestitisti,
408 4331 488 4374 nunc
502 4313 666 4393 presertim
678 4334 748 4376 cum
758 4316 895 4396 graviore
912 4316 942 4376 in
961 4316 1132 4380 discrimine
1148 4334 1197 4379 res
1211 4326 1366 4382 versantur

218 4409 368 4470 adessent
385 4410 472 4487 velis,
490 4415 521 4471 et
535 4428 657 4472 omnem
672 4411 741 4473 fidei
764 4431 800 4474 ac
817 4411 967 4491 religionis
988 4431 1113 4477 causam
1129 4413 1298 4493 patrocinio
1312 4420 1376 4477 tuo,

218 4506 462 4586 utcomplectare
482 4513 543 4568 ate
563 4526 755 4588 summopere
776 4513 806 4568 et
820 4507 951 4588 petimus
965 4513 994 4570 et
1009 4508 1198 4571 confidimus.
1213 4511 1279 4572 Hoc
1298 4529 1316 4573 a
1335 4516 1365 4571 te
