3188 5414
500 514 725 568 DOCUMENTA
744 514 865 573 vnum..
1204 512 1253 562 1113

113 639 218 683 eorum
232 620 313 681 fuere
329 618 479 698 exposite,
496 636 551 679 neo
564 636 642 678 nova
655 618 747 679 Nobis
760 612 947 692 aeciderunt,
961 632 1016 675 nee
1027 631 1100 674 sene
1119 613 1254 691 inexpec-

113 724 192 796 tata3
215 721 318 797 utpote
332 734 397 795 quae
416 713 521 776 solitus
539 715 699 796 Purpurati
713 713 826 779 ordinis
843 730 915 791 erga
928 714 1093 774 Caesaream
1109 711 1255 788 Maiesta-

113 823 174 878 tem
187 815 300 891 cultus,
314 819 345 875 el
355 813 489 876 studiosa
499 812 529 873 in
545 815 711 891 Augustsnr
722 814 853 872 llomurn
863 814 999 877 nostram
1012 804 1254 869 rolrmtaeNebis

111 911 275 975 certissime
289 910 465 972 videbantur
482 909 628 991 pollioeri.
644 911 820 988 Pergratum
829 906 1030 975 nihilominus
1043 911 1134 984 atque
1148 904 1255 981 juoun·

110 1009 183 1070 dum
206 1008 299 1070 Nobis
318 1008 390 1085 fuit,
413 1008 540 1068 letali
562 1008 596 1066 1³.
622 1007 660 1064 V.
688 1003 780 1066 animi
807 1021 893 1066 sensa
910 1021 1000 1083 super
1019 1008 1085 1063 tam
1100 998 1254 1083 nespiaetu
1376 1018 1382 1026 ¹

111 1124 146 1167 ae
167 1104 237 1167 novi
257 1122 341 1186 pene
362 1099 491 1184 exempli
510 1107 620 1164 eventu
642 1101 827 1181 percipere:
850 1117 949 1179 neque
970 1099 1035 1176 jam
1055 1095 1167 1158 mirum
1184 1114 1253 1158 esse

109 1200 213 1277 debet,
234 1199 320 1261 vobis
332 1198 549 1280 preeuntibus,
572 1197 702 1278 reliques
721 1197 805 1260 illum
817 1212 958 1279 proderes
973 1194 1179 1276 populumque
1191 1194 1254 1256 llo-

110 1284 369 1358 manumovautes
381 1295 620 1406 plaudentesque
631 1295 809 1358 eelebrasse.
862 1373 864 1377 v

146 1395 217 1455 ileo
229 1411 302 1455 vere
310 1393 386 1456 dum
398 1400 485 1474 grato
496 1393 587 1455 auiuri
606 1408 697 1456 seusu
715 1394 892 1471 recolimus,
915 1409 1040 1478 magnas
1051 1393 1201 1470 quantum
1215 1324 1254 1449 ad

100 1491 169 1552 'llos
179 1489 326 1570 pertinet,
341 1489 396 1551 toti
413 1488 597 1568 amplissimo
609 1488 807 1551 cardinalium
820 1488 952 1568 eollegie
964 1486 1077 1568 gratias
1092 1484 1251 1547 habemus.

109 1587 186 1662 erid
198 1605 268 1649 veno
279 1586 317 1648 de
330 1586 400 1648 novi
409 1585 528 1648 Summi
539 1584 691 1648 Pontifieis
702 1585 847 1648 electione
857 1631 864 1662 ‚
876 1585 918 1647 de·
927 1581 1079 1663 religionis
1091 1580 1251 1644 ineolumi-

108 1689 187 1761 tete,
209 1682 248 1744 de
268 1681 426 1743 sacerdotii
444 1688 475 1742 et
494 1680 802 1761 imperiieoneordia,
817 1681 1021 1762 temporisque
1042 1678 1158 1741 ratione
1176 1696 1252 1740 sen-¹

109 1780 220 1841 tiamus
229 1824 237 1856 ,
261 1778 346 1841 vobis
361 1779 425 1857 jam
435 1784 577 1840 eonstare
590 1777 714 1841 minirne
726 1778 910 1841 dubitamus.
926 1777 1065 1840 Eeolesie
1078 1782 1179 1854 oerte,
1196 1795 1252 1858 pro

106 1875 206 1936 officio
219 1881 338 1951 nostro,
352 1891 404 1951 ea,
414 1892 479 1954 qua
491 1874 701 1938 consuevimus
719 1876 831 1956 pietate
848 1875 983 1938 colende
996 1874 1174 1955 tuendaque
1187 1893 1250 1936 non

106 1963 472 2047 deerimu53turuetseori
480 1969 690 2034 ordinisvestri
698 1970 1252 2050 deooreetornameutae‘ordisemper

108 2066 302 2143 habebimus3
312 2082 407 2146 quem
417 2064 535 2128 interea
544 2067 679 2147 supremi
689 2068 935 2131 Nuministutelae
946 2067 1211 2144 commendemus,
1221 2069 1252 2129 et

106 2164 143 2224 de
162 2165 296 2225 Cesereo
309 2163 405 2243 llegiae
419 2163 450 2225 in
460 2163 591 2227 eundem
599 2164 814 2228 benevolentia
829 2165 940 2230 ellectu
951 2166 1093 2228 volmuus
1105 2181 1171 2225 esse
1182 2181 1252 2225 oer-

106 2260 225 2320 liorem.
249 2261 360 2321 Datum
385 2261 524 2331 Viennae,
550 2261 600 2321 dte
618 2273 661 2320 xte
682 2263 789 2340 aprilis
814 2273 906 2337 ntea,
931 2278 1091 2340 regnorum
1112 2267 1248 2322 metrum

106 2360 250 2437 viperinae
264 2374 352 2416 nono.

184 2469 507 2534 Reverendissirnarum
519 2474 736 2536 Paternitetnm
751 2476 925 2538 vestrarum

606 2589 755 2651 Benevola
1281 2672 1298 2682 ,.

853 2681 972 2735 ΜΑΙ11Α
991 2677 1177 2734 munuera.
1245 2692 1251 2707 ’

753 2786 799 2839 W.
814 2788 955 2840 Kaunrrz
971 2787 1144 2840 Rrrrarne.

687 2939 691 2944 Ι
752 2874 849 2926 Hune.
865 2873 961 2927 Gnsn.
979 2887 998 2924 n
1013 2873 1228 2930 Connnnelcn.

138 2985 248 3053 reluere
259 2997 382 3054 Caesereo
394 2997 486 3068 Regiae
500 2997 534 3054 ad
548 3000 574 3055 S.
591 2999 743 3070 Collegium
755 2999 946 3058 cardinalium.

609 3256 742 3326 cuxei.
830 3267 838 3283 ⁸

227 3396 251 3455 Α
280 3358 565 3463 mensulerlulm
579 3404 626 3463 Lu
647 3403 843 3464 CARDINAL
863 3402 933 3462 DES
954 3403 1110 3464 LANCES.

766 3529 854 3588 Turio,
869 3541 896 3577 ee
908 3534 936 3577 2⁵
951 3527 1084 3589 septembre
1101 3533 1167 3580 17711.

183 3602 404 3682 Monseigneur,

142 3706 197 3767 l’ei
209 3707 335 3770 iniorme
347 3729 384 3771 en
397 3729 451 3772 son
463 3721 561 3792 temps
571 3713 662 3774 Votre
673 3711 835 3776 Emineuee
842 3713 885 3775 du
893 3713 996 3794 plaisir
1006 3733 1064 3795 que
1073 3716 1101 3776 le
1110 3715 1164 3776 Rei
1176 3714 1245 3776 s'est

103 3804 156 3864 init
178 3804 215 3865 de
235 3803 351 3868 de'idrer
370 3810 388 3869 a
407 3809 436 3870 la
451 3810 625 3890 requisition
642 3811 750 3890 qu’elle
774 3811 816 3873 lui
835 3830 853 3872 a
875 3811 947 3873 faite
968 3812 1005 3873 de
1022 3813 1051 3874 le
1067 3820 1134 3893 part
1148 3812 1187 3874 de
1206 3814 1246 3873 Sa

103 3903 235 3964 Saintete
246 3903 284 3965 de
295 3903 474 3986 s'employer
487 3925 564 3988 pour
575 3907 701 3988 dissiper-
715 3908 962 3990 sesinquieturles
980 3928 1019 3974 su
1034 3909 1163 3989 sujetdu
1176 3910 1245 3973 trei-

103 4008 216 4065 lomene
227 4022 287 4083 que
299 4004 343 4066 les
354 3995 439 4069 Etets
450 4007 696 4088 Eoolesiestiques
709 4008 1102 4089 pourraientessuperdelu
1113 4008 1248 4089 parides

103 4098 257 4162 vaisseaux
274 4119 384 4165 nosses.
400 4103 573 4165 Fusuitede
581 4104 658 4167 bons
676 4104 853 4186 effiaesque.
864 4105 1246 4186 earlqesteafaitposser

103 4197 165 4255 ⁴‘eae
179 4196 256 4273 siuet
269 4198 327 4259 ela
340 4217 414 4261 oour
426 4199 464 4263 de
476 4200 506 4260 S.
523 4199 736 4279 Pelesuoaug,
748 4201 777 4263 le
786 4202 919 4281 marqnis
926 4200 969 4265 de
982 4200 1099 4265 Gordmr
1111 4201 1192 4269 vient
1206 4202 1246 4267 ale

103 4291 238 4368 mandes,
252 4311 290 4353 eu
300 4293 371 4356 dete
384 4295 426 4356 du
443 4308 474 4356 ll
489 4296 528 4357 de
542 4315 577 4358 ee
589 4297 676 4374 mois,
687 4316 747 4376 que
756 4298 785 4360 le
794 4297 1052 4379 prinoefiellitu'm
1058 4297 1196 4365 ministre
1206 4298 1247 4362 de

104 4386 236 4448 llrrssieir
256 4389 284 4450 le
305 4392 406 4470 Heyo,
422 4392 463 4454 lui
481 4392 565 4455 aiait
577 4393 641 4455 noir
657 4412 717 4457 une
730 4395 818 4485 lettre
829 4395 869 4458 du
885 4402 985 4459 oomte
1003 4395 1096 4459 Penio
1105 4441 1115 4474 ,
1129 4413 1184 4478 par
1197 4397 1246 4464 la·

102 4485 200 4563 quello
210 4485 229 4546 il
242 4488 268 4547 le
278 4488 385 4569 oherge
395 4490 432 4552 de
443 4491 482 4553 lui
494 4492 640 4572 exprimes
650 4493 724 4556 dens
737 4495 780 4556 les
789 4501 901 4560 termes
908 4495 950 4558 les
962 4494 1029 4575 plus
1040 4495 1205 4576 obligeauls
1214 4502 1244 4558 et
