3188 5414
378 496 560 555 ErrSTotm
579 501 622 553 ET
642 501 776 555 naevia
794 502 1026 569 SELECTlORA.
1226 511 1279 561 tlt

127 601 334 682 observantiae,
350 612 379 665 et
385 623 456 683 erga
464 607 577 683 Regem
589 605 746 684 singularis
756 605 892 685 obsequii
901 625 937 667 ao
947 606 1015 666 lidei
1021 608 1192 670 testimonia
1201 608 1281 672 exti-

129 710 240 766 terunt.
255 702 477 764 Perbonorilice
501 702 604 762 itidem
613 710 658 762 est
673 703 792 764 aNobis
806 704 1026 787 nuncupandus
1048 703 1174 767 dilectus
1187 707 1279 768 Filius

128 801 236 863 nobilis
245 800 289 862 vir
300 799 534 861 Commendator
543 799 582 860 de
592 799 724 861 Almada
737 800 873 878 ejusdem
886 800 978 880 Regis
987 800 1134 880 apudNos
1144 801 1280 864 Minister

129 898 428 980 Plenipotenaiarias,
443 915 535 977 quem
546 897 614 978 pios
625 916 662 959 ae
674 898 833 978 preclaros
848 896 933 977 Regii
945 897 1038 959 ammi
1053 915 1159 961 sensus
1168 898 1208 961 ad
1218 900 1280 960 Nos

128 1020 206 1082 sape
219 999 404 1082 deserentem
414 996 601 1081 perlibenter>
612 998 791 1080 excipimus,
803 1015 953 1083 quemque
964 997 1004 1058 ob
1016 1015 1103 1058 suam
1113 997 1145 1058 in
1157 1016 1195 1059 eo
1206 1017 1279 1080 per-

126 1095 278 1177 iungendo
300 1114 425 1158 munere
447 1115 575 1177 operam
596 1115 632 1158 ae
652 1095 839 1175 diligentiam
857 1094 979 1176 plurimi
997 1095 1136 1156 iacimus.
1149 1098 1277 1158 Demum

125 1212 232 1254 omnes
241 1193 339 1273 Regia
352 1192 480 1254 civitatis
492 1189 628 1271 ordines,
644 1211 680 1255 ae
690 1192 788 1255 omnis
801 1192 1042 1274 Ulyssiponensis
1056 1195 1203 1273 populus,
1217 1212 1278 1274 qua

126 1309 198 1370 erga
209 1292 282 1368 Nos,
295 1298 327 1352 et
337 1286 417 1353 hano
427 1291 512 1353 Beati
525 1291 605 1353 Petri
623 1290 804 1352 cathedram
824 1288 930 1354 irrina
940 1288 1032 1353 animi
1048 1289 1208 1353 devotione
1219 1289 1278 1351 lla-

126 1393 238 1467 graret‚
248 1387 357 1450 eximie
366 1388 478 1468 gaudio
493 1388 556 1465 illo,
569 1406 605 1450 ao
614 1386 861 1469 poenetriumpbo
871 1386 1050 1464 declaravit,
1062 1404 1124 1467 qao
1134 1389 1231 1449 elatus
1241 1407 1277 1450 ao

126 1482 329 1546 inflammatus
342 1484 414 1563 fuit,
426 1503 497 1547 oum
509 1485 599 1565 Regis
610 1485 761 1565 exexnplo,
774 1485 899 1564 ejusque
909 1483 1131 1563 sapientissimo
1141 1483 1223 1547 facto
1240 1499 1277 1546 ae

127 1581 165 1642 ab
171 1581 434 1662 omniposteritate
444 1583 712 1646 commemorando
720 1583 761 1645 ad
772 1599 860 1645 suam
869 1601 940 1662 erga
950 1583 1156 1664 Apostolieam
1168 1583 1286 1648 Sedenav

126 1677 230 1756 palam
243 1672 479 1758 expromendam
492 1680 637 1760 pietatem
645 1681 837 1744 excitaretur.

165 1776 235 1847 Qua
253 1774 378 1854 quidem
401 1776 504 1839 omnia
523 1778 682 1840 vobiscum
695 1824 703 1856 ,
718 1779 910 1842 Venerabiles
927 1781 1063 1858 Fratres,
1078 1799 1134 1861 pro
1158 1798 1195 1844 eo
1209 1798 1286 1860 qaia·

44 1867 47 1870 ’
125 1868 203 1931 inter
216 1872 278 1931 Nos
287 1877 333 1932 est
344 1872 572 1953 conjunctione,
589 1874 843 1937 communicanda
859 1892 940 1937 nuuc
954 1876 1118 1954 duximus,
1135 1881 1170 1938 ut
1181 1875 1285 1939 diffu-.

126 1966 237 2028 siorem
257 1986 293 2029 ac
304 1956 537 2048 splendidiorem
552 1971 778 2050 quodammodo
796 1972 929 2038 letitiam
943 1975 1022 2037 bano
1032 1982 1166 2039 nostram
1179 1976 1288 2039 fania-·
1369 2037 1372 2042 .

125 2082 206 2125 mus.
220 2066 467 2130 Prastantissimo
477 2068 536 2129 hoe
549 2069 724 2132 Fidelissimi
738 2071 826 2150 Regis
838 2090 929 2152 opere
940 2072 1107 2135 existimate
1116 2073 1276 2152 jucundis-

126 2163 237 2225 simum
260 2165 346 2227 vobis
365 2184 432 2228 esse
452 2172 562 2229 munus
577 2167 769 2250 mrpositum,
783 2175 817 2230 ut
836 2175 955 2249 gratam
971 2175 1119 2248 vestram,
1136 2175 1226 2250 atque
1243 2170 1288 2232 in·

125 2261 210 2323 illum
222 2263 472 2328 studiosissimam
494 2266 680 2328 voluntatem
694 2265 822 2347 publicis
835 2266 928 2328 etiam
944 2265 1051 2330 letitie
1061 2265 1153 2347 signis
1171 2266 1276 2349 prele-

124 2359 216 2437 ratis3
230 2366 265 2423 ut
278 2361 361 2422 omni
372 2363 496 2425 laudum
507 2382 616 2444 genere
634 2363 719 2426 illum
728 2382 786 2444 pro
797 2373 862 2426 tam
875 2363 1039 2444 insignibus
1050 2363 1164 2426 aseritis
1173 2383 1276 2444 prose·

66 2535 68 2537 g
124 2458 268 2535 quamini.
286 2459 346 2520 Sed
360 2459 441 2522 illam
455 2480 548 2523 uuam
558 2460 817 2543 praeclarissimam
830 2471 922 2541 atque
939 2459 1195 2572 expexbtissimam
1207 2480 1275 2541 gra·

124 2553 171 2614 tiae
181 2555 342 2618 referende
360 2549 440 2620 nam
457 2576 523 2621 esse
532 2564 656 2640 putate,
679 2558 704 2620 si
722 2558 774 2621 Ilei
786 2558 1002 2638 benignitatem
1013 2577 1071 2638 pro
1081 2558 1174 2639 ipsius
1186 2557 1272 2620 ineo-

125 2649 280 2730 lumitate,
309 2654 465 2735 Regioeque
488 2658 600 2718 Domm
622 2656 740 2765 gloria,
765 2656 918 2784 llegnique
946 2655 1088 2719 felicitate
1117 2655 1285 2736 depredari-

124 2747 447 2825 nunquamdesistatis.

164 2845 225 2904 Nos
242 2844 396 2925 prolecto
388 2866 419 2909 m
431 2847 464 2908 id
480 2848 611 2910 maxime
623 2866 744 2927 semper
753 2848 983 2924 incumbemus,
996 2849 1057 2908 ut
1049 2866 1080 2910 ιιι
1094 2849 1157 2911 dies
1175 2852 1286 2929 magis-2

125 2939 237 3017 possit,
256 2943 398 3019 quanta
390 2960 422 3005 m
442 2943 542 3024 ipsam
561 2944 602 3007 sit
625 2944 776 3022 caritatis,
800 2944 908 3022 studii,
931 2952 1023 3026 atque
1046 2947 1162 3014 amoris
1179 2949 1285 3017 nostri²

124 3033 320 3112 magnitudo,
336 3054 528 3117 eognosoere.
554 3041 672 3104 Interea
696 3042 758 3103 Deo
778 3039 899 3120 Optimo
923 3039 1056 3103 Maximo
1083 3059 1140 3122 pro
1162 3042 1286 3114 oollam,

124 3127 216 3190 Nobis
232 3145 351 3210 suaque
370 3132 509 3199 Ειοιειιιι
529 3138 593 3195 tam
611 3133 771 3195 excellenti
787 3133 952 3212 beneficio,
970 3139 1102 3215 quantas
1124 3135 1284 3209 maximas,

125 3240 286 3302 possumus
299 3266 307 3303 ‚
323 3227 490 3307 gratiarum
502 3229 607 3292 laudes
618 3228 965 3312 publice-persolvemus.
978 3230 1053 3305 lllue
1068 3249 1144 3305 vero
1154 3249 1284 3307 summa

124 3324 240 3401 paterni
250 3325 342 3387 animi
348 3327 540 3391 contentione
548 3327 745 3391 effusissimae
754 3334 873 3400 nomras
883 3327 923 3391 ad
934 3330 1030 3391 Deum
1039 3346 1145 3409 preoes
1156 3326 1284 3409 midae,

124 3416 303 3499 dirigemus,
317 3422 388 3485 illue
403 3424 495 3487 etiam
514 3424 621 3505 Populi
637 3425 728 3503 hujus
744 3424 964 3488 Fidelissimum
975 3427 1111 3506 Regem,
1128 3444 1164 3488 aa
1182 3418 1284 3511 omne

125 3517 302 3583 Lusitanum
322 3539 440 3588 nomen,
453 3523 580 3587 somniis
593 3523 733 3587 laudibus
744 3523 935 3600 extollentis,
955 3522 1159 3604 universaque
1178 3525 1283 3610 Alma,

125 3614 213 3677 Urbis
233 3618 348 3681 Nostra
364 3620 442 3682 mbo
461 3622 572 3705 medio
583 3623 669 3684 elata
690 3627 771 3682 vota
776 3627 1004 3699 convertemus,
1018 3627 1054 3682 ut
1074 3627 1190 3702 quanto
1206 3639 1274 3703 am·
1281 3688 1284 3702 ,

124 3718 221 3798 pliora
242 3726 313 3783 sumt
334 3721 441 3802 optimi
458 3722 546 3802 Regis
558 3721 597 3788 de
615 3720 758 3800 religione
776 3719 901 3797 merita,
923 3725 1009 3785 lanto
1033 3720 1184 3784 auctiores
1201 3738 1283 3809 suas,
1356 3737 1360 3744 ⁴

123 3814 229 3896 suiqoe
243 3818 339 3898 Regni
354 3818 491 3882 fomunas
501 3826 595 3900 alque
610 3818 732 3900 copias,
744 3823 775 3879 et
786 3836 863 3878 vere
875 3835 913 3877 ao
929 3793 1148 3898 solidaglorie
1158 3816 1282 3897 fruetus
1395 3900 1400 3910 ι

123 3911 227 3980 dimna
241 3915 343 3994 gratiae
357 3914 946 3998 munereluenplelioresesseintelligat.
1071 3940 1072 3944 ¹
1229 3940 1231 3945 ¹

606 4103 788 4114 -n-——u—
