3188 5414
467 512 648 568 nrrsronn
665 513 711 567 nr
729 511 866 577 nnavm
882 488 1118 567 sturmioni.
1313 517 1364 567 nr

218 625 273 681 tua
286 618 378 680 virtus
399 621 430 679 at
443 616 600 698 multiplex
621 615 752 680 aeraria
771 615 957 696 antiquitatis
974 615 1129 693 doctriua,
1154 615 1262 694 etjam
1277 623 1368 694 antea

220 714 423 791 luculentum,
446 732 482 776 ac
500 720 645 794 praestans
657 700 831 792 hujusmodi
851 719 989 776 nostrum
1012 712 1050 786 de
1063 717 1107 790 ta⁴
1112 710 1262 792 judicium
1274 713 1367 794 literis

219 810 329 898 nostris
342 816 487 873 testatum
496 810 551 872 tibi
562 810 825 881 iacimuslernm
837 810 914 872 liber
931 816 1002 872 tuus
1014 854 1022 888 ,
1036 809 1184 891 quemad
1194 810 1256 886 Nos
1272 825 1369 890 nuper

218 908 327 971 misisti
352 926 390 971 eo
415 908 508 977 Nobis
526 908 639 988 gratior
672 908 842 989 fuitatquc
869 908 1032 988 acceptior,
1055 906 1140 997 ‚quod
1165 905 1368 969 eruditionem

217 1012 304 1067 tuam
319 1023 390 1075 cum
400 1004 520 1085 pietatis
529 1004 638 1066 studiis
651 1005 833 1084 coniungere
847 1003 1020 1083 tavidimus
1031 1009 1062 1085 et
1075 1000 1187 1084 novam
1195 1003 1369 1085 patriarca

203 1101 346 1190 gloriam
360 1119 398 1164 ax
418 1101 530 1164 virtute
549 1120 586 1164 ac
596 1101 713 1165 meritis
733 1120 858 1164 suorum
871 1102 984 1164 civium
1004 1120 1149 1184 quaerere.
1164 1101 1270 1181 Eidem
1281 1100 1364 1163 enim

218 1200 378 1264 vindicatis
384 1218 420 1263 ac
429 1200 574 1264 restitutis
583 1202 672 1265 beata
680 1201 842 1270 Michcllna
853 1211 883 1264 et
892 1201 984 1264 beato
994 1202 1089 1264 Cocco
1101 1199 1257 1281 egregium
1268 1199 1368 1278 splen-

218 1297 324 1360 dorem
336 1297 508 1376 asseruisti,
524 1306 556 1360 et
573 1318 667 1380 quam
680 1306 769 1362 antea
782 1297 965 1362 illustrandis
984 1304 1032 1360 tot
1053 1295 1240 1378 antiquitatis
1256 1313 1370 1378 mouu-

218 1395 329 1458 mentis
342 1413 520 1473 ornaveras,
533 1396 726 1459 illustriorem
741 1397 800 1459 hac
812 1397 980 1460 sanctitatis
993 1396 1062 1458 luca
1076 1393 1241 1478 redudistt
1261 1392 1371 1455 Delec-

218 1492 275 1554 tuti
286 1491 387 1573 itaque
398 1509 581 1575 magnopere
594 1493 767 1556 sumushoc
780 1493 934 1558 industriae
944 1501 1003 1557 tuac
1013 1494 1133 1570 fructu,
1147 1490 1199 1572 qui
1213 1490 1369 1569 comtibi,
1473 1485 1476 1494 '

218 1597 338 1670 tueque
352 1589 460 1670 patriae
470 1594 593 1666 [novum
606 1590 700 1653 decus
716 1590 841 1669 afferat,
859 1609 970 1671 magno
981 1591 1074 1653 etiam
1095 1589 1290 1668 incitamento
1302 1605 1367 1649 esse
1457 1673 1460 1679 ,

219 1693 319 1768 potest
332 1687 442 1750 ceteris
453 1687 632 1757 adsimilem
646 1688 704 1752 sibi
721 1689 844 1751 laudem
860 1707 897 1751 cx
911 1680 1072 1751 sacrarum
1089 1687 1182 1750 ctiam
1199 1705 1371 1769 ramman-

219 1784 360 1865 tiquitate
372 1802 408 1846 ac
419 1783 557 1847 doctriua
577 1786 826 1866 comparandam.
846 1788 956 1848 Munus
968 1786 1028 1847 hoc
1048 1791 1137 1846 tuum
1154 1783 1194 1845 ad
1211 1784 1273 1844 Nos
1286 1781 1372 1844 defe-

219 1887 338 1945 rentem
350 1881 544 1963 perbenigne
556 1882 730 1962 excopimus
742 1881 885 1955 dilectum
896 1881 992 1945 tilium
1007 1875 1156 1945 Comitem
1162 1881 1291 1942 Paulum
1301 1879 1371 1940 Ma-

220 1977 380 2063 chirellum
392 1978 685 2042 sororistuaefilium
701 1983 733 2040 et
752 1977 1025 2048 commendationis
1049 1985 1128 2056 tue,
1150 1982 1181 2038 et
1199 1994 1255 2038 sua
1279 1975 1374 2057 ipsius

220 2093 326 2154 causa,
342 2076 457 2157 quippe
465 2075 516 2139 cui
529 2073 647 2157 pridem
657 2074 751 2138 etiarn
760 2073 972 2156 propensionis
982 2075 1014 2137 in
1023 2093 1093 2138 eum
1106 2081 1216 2152 nostre
1226 2071 1374 2153 signitica-

220 2170 337 2237 tionem
350 2171 483 2252 aliquam
504 2171 652 2241 dedimus.
670 2170 729 2233 Sed
748 2189 821 2233 cnm
841 2170 922 2233 idern
934 2177 966 2235 et
984 2171 1163 2252 cognatione
1185 2169 1326 2251 proprius
1343 2163 1374 2258 te

221 2267 365 2349 attingat,
376 2273 408 2331 et
417 2287 435 2330 a
450 2273 481 2330 te
494 2267 548 2328 lilii
559 2273 593 2328 ut
604 2265 726 2344 scribis,
740 2268 809 2344 loco
818 2265 979 2356 habeatur,
991 2286 1028 2330 eo
1038 2267 1231 2349 potissimum
1251 2266 1374 2329 nomine

220 2364 314 2429 Nobis
333 2364 395 2427 erit·
403 2362 728 2433 commendatissimas.
745 2361 908 2445 Speremus
922 2365 1004 2427 enim
1016 2365 1137 2444 ingenio
1150 2359 1247 2442 item,
1263 2382 1299 2425 ac
1310 2381 1374 2426 ruo-
1393 2391 1395 2395 ·

221 2481 292 2525 rum
302 2461 477 2542 prestantia
490 2467 548 2524 ata
559 2478 621 2523 non
639 2460 790 2538 alienum,
803 2467 894 2540 atque
906 2461 937 2521 in
946 2466 976 2522 te
988 2461 1155 2541 laudesque
1167 2466 1235 2522 tuas
1245 2459 1375 2538 ‚intuen-

222 2567 285 2622 tem
296 2559 483 2623 simillimum
499 2556 564 2629 uni,
574 2556 806 2632 luturum.;Qua
818 2556 943 2638 quidem
964 2562 995 2619 tc
1010 2550 1124 2633 nullam
1141 2557 1373 2638 preclariorcm,

222 2657 329 2727 nec-ad
343 2656 529 2737 pontificiam
543 2654 688 2719 tuendam
703 2654 931 2736 augendamque
948 2653 1191 2716 benevolentiam
1202 2653 1374 2735 eapeditio-
1471 2701 1472 2704 ,

222 2772 290 2816 rem
301 2753 377 2815 inire
390 2752 540 2815 rationem
551 2752 673 2832 poterit.
684 2753 731 2812 Tu
742 2751 864 2814 interim
874 2751 913 2814 dc
921 2751 1026 2830 literis,
1040 2751 1079 2813 de
1091 2752 1189 2833 patria
1203 2757 1268 2832 tua,
1283 2758 1374 2833 atque

225 2850 300 2912 adeo
314 2849 351 2911 de
362 2849 457 2912 Nobis
467 2849 542 2930 ipsis
552 2848 737 2923 benemereri
752 2867 851 2928 perge.
863 2850 908 2912 Ac
919 2841 949 2912 in
959 2848 1139 2912 luculentius
1154 2855 1288 2930 paternae
1297 2849 1373 2911 cari-

223 2946 296 3008 tatis
309 2946 418 3027 pignus
431 2946 630 3027 apostolicam
640 2946 882 3010 benedictionem
896 2948 962 3028 tibi,
983 2948 1091 3016 dilecte
1113 2947 1167 3025 lili,
1182 2952 1375 3027 peramanter·

225 3043 426 3125 impartimur.
442 3045 556 3108 Datum
566 3046 677 3124 Rome,
687 3052 758 3117 etc,
772 3046 822 3107 die
838 3050 977 3127 caprilla
996 3058 1070 3108 1772
1083 3091 1091 3123 ,
1104 3048 1298 3126 pontificatus
1309 3056 1376 3106 nos-

224 3147 265 3203 m·
283 3159 364 3203 anco
377 3147 479 3204 terlio.
1000 3144 1003 3150 '

704 3229 888 3240 *—

729 3310 868 3438 cxciv.

445 3486 676 3532 llttEchsslllAE
699 3487 735 3530 IN
758 3488 890 3530 eflnls'ro
914 3429 1157 3532 HUAE'NOSTRAE

297 3579 474 3643 morsm
495 3547 633 3648 uranu
652 3583 784 3648 nacon
805 3583 1037 3647 cucuron
1056 3585 1308 3647 raincrrrssm

373 3753 376 3760 ·
491 3759 494 3764 .
538 3696 774 3776 CLEMENS
801 3699 930 3778 PAPA
949 3699 1066 3778 ¹XIV.

1000 3847 1094 3906 nome,
1107 3850 1135 3894 15
1151 3843 1231 3906 aprilis
1247 3847 1313 3893 1772.

268 3940 488 4010 Dilectissimo,
501 3949 558 4002 etc.
580 3942 624 4000 Ex
635 3940 741 4004 litteris
754 3942 814 4018 tuis
829 3941 867 4003 ad
878 3942 940 4002 Nos
950 3939 999 4001 dic
1008 3957 1073 4002 xvu
1083 3938 1183 4000 martii
1195 3937 1273 3998 datis
1285 3955 1378 3998 novas

228 4036 417 4116 percepimus
435 4036 634 4116 jucunditatis
651 4056 777 4116 causas,
790 4058 861 4101 curn
874 4057 936 4118 qua
951 4036 989 4100 de
1005 4043 1131 4119 paterna
1144 4042 1247 4098 nostra
1260 4053 1379 4097 summa
1484 4049 1488 4060 ·

228 4132 260 4190 ln
275 4137 304 4192 te
317 4134 443 4195 caritate
456 4133 567 4195 fiducia
579 4152 674 4210 esses,
695 4136 852 4217 perspicue
870 4136 1050 4198 videremus.
1069 4134 1280 4196 Gratissimum
1297 4133 1378 4195 eninr

228 4227 322 4289 Nobis
332 4237 393 4308 est,
411 4231 493 4311 quod
501 4233 568 4310 jam
581 4231 767 4312 pridemtibi
782 4234 1016 4313 declaravimus,
1032 4230 1271 4315 opportunitates
1284 4251 1378 4311 quas-

228 4343 289 4403 que
303 4325 429 4387 Nobisa
448 4333 478 4387 te
494 4326 575 4404 dari,
597 4327 707 4409 quibus
727 4329 925 4409 singularem,
943 4348 978 4392 ac
992 4328 1143 4409 egregiam
1156 4327 1301 4407 pontificii
1323 4328 1377 4389 tibi

230 4420 323 4482 animi
334 4421 478 4502 pietatem
488 4424 622 4503 magisin
631 4425 694 4488 dies
703 4426 930 4488 confirmemus.
943 4427 1019 4489 Cum
1030 4446 1100 4489 vero
1110 4444 1191 4487 nunc
1200 4425 1230 4486 in
1239 4445 1287 4504 eo,
1296 4426 1377 4507 quod

229 4521 376 4606 postulas,
387 4521 532 4588 eximium
548 4522 699 4604 religionis
712 4523 846 4587 studium
852 4534 912 4605 prae
922 4524 1056 4603 teicras,
1068 4543 1139 4587 cum
1150 4530 1202 4587 tua
1213 4524 1311 4587 omnis
1322 4543 1377 4606 pro
