3188 5414
653 487 852 542 cubitantis
872 487 938 552 xlv

700 625 701 628 ‘
731 672 853 741 ccxv.

563 830 758 872 suncrlssml
780 828 897 871 eornm
920 827 1030 870 NOSTRl

276 937 529 1005 CLEMENTIS
554 938 717 1006 DlVlNA
750 938 1063 1006 PROVIDENTlh
1091 937 1217 1004 PAPAE
1244 937 1327 1003 xlv

643 1082 944 1161 ALLOCUTlO

239 1223 355 1282 hebrun
380 1234 412 1281 ΙΝ
439 1234 645 1284 consrs‘roxlo
669 1235 806 1284 SEGRETO
830 1234 886 1283 DIE
904 1235 937 1283 xl
963 1232 1147 1282 novarianis
1170 1231 1347 1280 moechm.

270 1364 469 1438 Veneremur,
489 1367 622 1426 Fratres.
641 1360 715 1427 Cum
726 1383 908 1447 magnopere
924 1365 963 1428 ad
979 1363 1199 1445 rempublicam
1211 1361 1369 1442 pertinere,

225 1467 289 1520 tum
299 1459 438 1521 Ecclesiae
446 1461 709 1542 ipsiusplurimmn
720 1463 864 1526 interesse
876 1461 1012 1525 arbitrati
1023 1479 1143 1541 semper
1152 1478 1272 1536 sumus,
1280 1460 1371 1520 Vena

225 1554 333 1615 rabiles
347 1557 477 1636 Fratres,
492 1564 526 1619 ut
540 1559 729 1638 amplissima
742 1578 844 1639 regum
861 1559 979 1622 familia
999 1557 1201 1640 sanctissimis
1222 1556 1371 1637 religionis

226 1649 367 1714 institutis
382 1653 446 1730 jam
458 1653 509 1715 diu
521 1652 652 1716 fundata
666 1675 702 1717 ac
722 1656 859 1718 stabilita
872 1653 1015 1719 diuturna
1029 1653 1130 1735 stirpis
1151 1653 1368 1735 propagatione
1397 1649 1401 1661 '

184 1804 186 1810 .
225 1747 353 1809 similem
367 1767 443 1811 verae
455 1769 490 1812 ac
504 1751 605 1815 solidae
616 1752 870 1832 pietatisgloriam
880 1751 1086 1814 remotissima
1094 1749 1269 1831 posteritati
1281 1756 1369 1812 trans

102 1880 107 1890 ‚
226 1847 357 1909 mittant.
373 1851 486 1910 Verum
505 1849 595 1928 huius
607 1849 743 1912 utilitatis
760 1849 937 1930 magnitudo
947 1849 1041 1910 Nobis
1052 1846 1250 1930 potissimum
1263 1847 1368 1910 obver-

225 1943 348 2006 sabatur
364 1946 485 2022 animo‚
502 1964 572 2017 eum
582 1945 619 2008 de
633 1947 779 2009 carissimi
798 1947 828 2008 iu
839 1947 955 2009 Christo
966 1946 1021 2007 tilii
1035 1946 1131 2007 nostri
1149 1945 1250 2008 Caroli
1263 1945 1368 2027 Hispe-

225 2039 342 2101 niarum
358 2042 436 2121 regis
454 2041 593 2104 catholici
616 2042 717 2104 liberis
739 2062 775 2105 ac
792 2043 980 2105 successione
997 2043 1222 2122 cogitaremuS,
1248 2044 1373 2128 ejusque·

225 2156 260 2198 ac
279 2138 430 2216 maiorum
453 2139 532 2200 illius
552 2137 784 2200 innumerabiles
804 2138 909 2201 laudes
932 2144 1022 2220 atque
1036 2138 1067 2199 in
1082 2138 1254 2200 Ecclesiam
1268 2128 1379 2201 merita‘

224 2253 455 2297 recenseremus.
478 2235 526 2297 Ad
547 2235 603 2297 has
624 2235 761 2316 publicas
782 2235 1014 2301 commodorum
1036 2235 1170 2297 rationes
1187 2236 1368 2299 accedebant

224 2331 389 2410 peculiares
400 2331 493 2393 nostri
509 2331 539 2392 in
553 2331 638 2393 illum
655 2330 766 2392 amoris
779 2350 890 2405 causae,
910 2338 1018 2393 mutua
1032 2329 1205 2393 officiorum
1227 2330 1306 2393 inter
1317 2350 1366 2394 uos

223 2429 439 2490 consuetudine
460 2429 604 2508 magisin
626 2428 691 2491 dies
705 2429 905 2509 confirmatae,
923 2430 1033 2512 quibus
1051 2429 1104 2509 fit,
1119 2436 1155 2491 ut
1171 2448 1365 2512 quaecumque

224 2527 263 2587 ad
273 2527 357 2588 illum
372 2525 557 2608 pertineant,
575 2527 613 2589 ad
626 2528 687 2589 Nos
706 2546 789 2608 aque
806 2527 932 2589 attinere
949 2526 1167 2590 existimemus.
1186 2529 1288 2603 Quare
1302 2545 1366 2590 cum

223 2624 344 2703 eadem,
366 2644 427 2706 qua
438 2625 507 2703 ille,
530 2624 746 2702 sollicitudine,
770 2631 800 2686 et
820 2625 955 2687 maximo
980 2624 1128 2688 desiderio
1148 2625 1320 2688 successuri
1339 2625 1366 2686 in

222 2729 339 2787 tantam
349 2742 511 2804 regnorum
530 2715 615 2804 spem
628 2722 693 2801 ejus
710 2721 830 2802 nepotis
851 2727 1034 2798 teneremur,
1049 2720 1137 2783 facile
1153 2722 1265 2784 intueri
1276 2728 1366 2804 potes

221 2822 278 2899 tis,
294 2822 488 2885 venerabiles
502 2823 639 2896 Fratres,
656 2816 842 2882 'immensam
866 2820 989 2882 aNobis
1010 2825 1185 2900 perceptam
1201 2819 1366 2898 Jucundita·

221 2928 299 3002 tem,
312 2942 383 2985 cum
401 2922 535 3004 primmn
555 2920 706 3003 expletam
727 2919 818 2981 studii
841 2919 935 2981 nostri
960 2917 1203 2998 expectationem
1222 2917 1363 2980 videmus.

220 3019 447 3109 Optatissimum
456 3019 539 3081 bunc
550 3016 695 3095 nuncium
706 3036 741 3079 ex
752 3016 831 3097 regis
843 3016 937 3097 ipsius
948 3014 1039 3077 literis
1054 3015 1248 3095 accepimus,
1263 3016 1366 3097 quibus
1386 3020 1389 3025 ’

220 3115 328 3177 laetitia
346 3135 406 3178 suar
416 3116 444 3177 vi
458 3121 596 3177 nostrum
606 3114 638 3174 in
650 3112 750 3174 sinum
763 3112 860 3174 eflusa
868 3157 877 3190 ,
892 3110 953 3173 Nos
968 3111 999 3172 in
1011 3110 1112 3192 gaudii
1130 3112 1177 3175 sui
1193 3112 1366 3191 societater

180 3275 186 3286 ,
219 3212 366 3290 vocabat,
383 3218 414 3272 et
428 3217 537 3292 nepote
560 3228 592 3270 se
616 3214 757 3287 auctum,
782 3215 872 3289 atque
892 3206 1021 3269 eundem
1034 3214 1149 3271 'nostro
1172 3224 1293 3292 suoque
1312 3227 1367 3274 uo-

220 3309 303 3370 mine
318 3309 355 3370 de
376 3327 463 3370 sacro
477 3306 711 3393 regenerationis
726 3306 808 3368 fonte
817 3309 883 3387 iarn
898 3326 916 3368 a
933 3325 965 3368 se
986 3314 1161 3387 susceptum
1176 3326 1245 3371 esse
1263 3308 1367 3372 affere·

219 3406 284 3466 bat.
299 3407 366 3467 Una
377 3390 479 3484 itaqua
491 3409 597 3464 natum
614 3401 700 3462 illum
719 3420 784 3464 esse
800 3422 909 3485 regno,
923 3403 1003 3484 regi,
1029 3404 1143 3482 Nobis,
1157 3407 1321 3484 Ecclesiae,
1335 3424 1368 3471 ec

219 3506 282 3565 Deo
293 3502 348 3585 ipsi
362 3501 561 3563 intelleximus
573 3518 609 3561 ac
623 3499 838 3563 secundissima
850 3503 952 3563 omnia
967 3503 997 3563 in
1012 3502 1097 3564 illum
1111 3503 1250 3584 auspicia
1264 3525 1284 3568 e
1297 3507 1367 3570 eolo

219 3603 329 3664 collata
343 3618 406 3671 esse
418 3599 605 3680 agnovimus.
621 3599 710 3660 Hunc
719 3603 828 3659 nostrae
837 3597 1036 3676 jucunditatis
1048 3617 1172 3662 sensum
1184 3619 1368 3686 magnopere

219 3697 430 3782 amplificavit,
445 3696 527 3778 quod
539 3695 650 3758 'eodem
669 3695 758 3776 plane
775 3694 824 3756 die
844 3695 908 3757 hac
924 3697 964 3758 ad
983 3698 1044 3758 Nos
1064 3703 1165 3760 essent
1180 3700 1293 3780 allata,
1309 3720 1368 3784 quo

218 3798 266 3858 die
277 3795 468 3858 dilectissima
481 3795 512 3856 in
524 3795 640 3856 Christo
653 3794 717 3856 tilia
734 3801 836 3856 nostra
850 3795 973 3876 Aloysia
985 3794 1081 3858 Maria
1093 3795 1187 3876 Regia
1199 3799 1368 3863 Gallianum

100 3924 103 3932 ·
218 3894 398 3975 Principissa
409 3893 513 3954 relicto
522 3898 653 3973 paternae
667 3909 703 3952 ac
711 3891 819 3970 regalis
831 3892 906 3952 aula
918 3891 1077 3973 splendore
1091 3883 1123 3953 in
1134 3894 1368 3975 carmelitarum

217 3994 373 4076 virginum
387 3991 490 4054 ordine
503 3990 610 4052 Christi
629 3996 841 4070 paupertatem
857 3997 947 4072 atque
966 3990 1169 4069 humilitatem
1186 3995 1367 4076 complexa,

218 4093 275 4154 tide
290 4093 362 4154 data
383 4109 415 4152 se
431 4087 573 4167 religiosa
591 4088 658 4150 vita
680 4087 795 4168 legibus
816 4089 1031 4170 obstringebat,
1048 4093 1171 4170 reoque
1184 4090 1367 4157 devovebat.

217 4191 378 4271 Propterea
389 4207 444 4250 nos
455 4187 588 4248 inclitam
599 4187 680 4247 illam
688 4231 696 4265 ,
713 4204 748 4246 ac
764 4204 858 4267 prope
871 4187 1004 4249 divinam
1017 4185 1129 4267 Deique
1144 4204 1274 4252 munere
1288 4188 1370 4255 iadi-

216 4292 279 4346 tam
290 4289 431 4350 virtutem
452 4293 524 4348 tunc
539 4284 687 4367 praecipue
709 4283 809 4345 animo
823 4286 1033 4364 volvebamus,
1047 4305 1082 4348 ac
1095 4285 1157 4348 Nos
1167 4283 1226 4366 ipsi
1240 4285 1316 4350 huic
1331 4288 1370 4349 ab

217 4385 355 4448 omnibus
382 4383 489 4448 seculis
515 4382 716 4446 memorandae
737 4382 903 4444 celebritati
929 4382 1086 4460 interesse,
1112 4402 1210 4464 eaque
1235 4391 1311 4447 vota
1334 4405 1370 4448 ac

217 4483 389 4563 sponsiones
407 4485 436 4546 in
449 4500 556 4545 manus
573 4490 691 4544 nostras
706 4498 809 4545 coram
822 4480 957 4562 excipere
971 4481 1158 4544 videbamur.
1173 4484 1252 4544 llum
1275 4483 1368 4547 delixi
