<?xml version="1.0" encoding="UTF-8"?>
<!DOCTYPE html PUBLIC "-//W3C//DTD XHTML 1.0 Transitional//EN"
    "http://www.w3.org/TR/xhtml1/DTD/xhtml1-transitional.dtd">
<html xmlns="http://www.w3.org/1999/xhtml" xml:lang="en" lang="en">
 <head>
  <title>
</title>
<meta http-equiv="Content-Type" content="text/html;charset=utf-8" />
  <meta name='ocr-system' content='tesseract 3.04.00' />
  <meta name='ocr-capabilities' content='ocr_page ocr_carea ocr_par ocr_line ocrx_word'/>
</head>
<body>
  <div class='ocr_page' id='page_1' title='image "./clementisxivpon00clemgoog_0079.png"; bbox 0 0 3188 5414; ppageno 0'>
   <div class='ocr_carea' id='block_1_1' title="bbox 260 500 1482 1266">
    <p class='ocr_par' dir='ltr' id='par_1_1' title="bbox 759 500 1042 558">
     <span class='ocr_line' id='line_1_1' title="bbox 759 500 1042 558; baseline -0.014 0"><span class='ocrx_word' id='word_1_1' title='bbox 759 500 959 558; x_wconf 76' lang='lat' dir='ltr'><strong>CIAEMENTIS</strong></span> <span class='ocrx_word' id='word_1_2' title='bbox 977 501 1042 554; x_wconf 83' lang='lat' dir='ltr'><strong>xlv</strong></span> 
     </span>
    </p>

    <p class='ocr_par' dir='ltr' id='par_1_2' title="bbox 260 604 1482 1266">
     <span class='ocr_line' id='line_1_2' title="bbox 328 604 1481 687; baseline 0 -18"><span class='ocrx_word' id='word_1_3' title='bbox 328 609 380 670; x_wconf 92' lang='lat' dir='ltr'><strong>illo</strong></span> <span class='ocrx_word' id='word_1_4' title='bbox 388 653 398 686; x_wconf 88' lang='lat'><strong>,</strong></span> <span class='ocrx_word' id='word_1_5' title='bbox 412 608 499 686; x_wconf 84' lang='lat' dir='ltr'><strong>cujus</strong></span> <span class='ocrx_word' id='word_1_6' title='bbox 512 606 694 669; x_wconf 81' lang='lat' dir='ltr'><strong>sustinemus</strong></span> <span class='ocrx_word' id='word_1_7' title='bbox 706 604 819 682; x_wconf 88' lang='lat' dir='ltr'><strong>vicem,</strong></span> <span class='ocrx_word' id='word_1_8' title='bbox 834 622 1016 687; x_wconf 81' lang='lat' dir='ltr'><strong>magnopere</strong></span> <span class='ocrx_word' id='word_1_9' title='bbox 1033 604 1163 686; x_wconf 89' lang='lat' dir='ltr'><strong>petimus</strong></span> <span class='ocrx_word' id='word_1_10' title='bbox 1178 622 1213 667; x_wconf 87' lang='lat' dir='ltr'><strong>ac</strong></span> <span class='ocrx_word' id='word_1_11' title='bbox 1233 604 1423 683; x_wconf 83' lang='lat' dir='ltr'><strong>flagitamus,</strong></span> <span class='ocrx_word' id='word_1_12' title='bbox 1444 613 1481 669; x_wconf 88' lang='lat' dir='ltr'><strong>ut</strong></span> 
     </span>
     <span class='ocr_line' id='line_1_3' title="bbox 329 698 1478 786; baseline -0.003 -18"><span class='ocrx_word' id='word_1_13' title='bbox 329 725 385 768; x_wconf 89' lang='lat' dir='ltr'><strong>sua</strong></span> <span class='ocrx_word' id='word_1_14' title='bbox 399 723 457 786; x_wconf 87' lang='lat' dir='ltr'><strong>ope</strong></span> <span class='ocrx_word' id='word_1_15' title='bbox 475 723 511 767; x_wconf 90' lang='lat' dir='ltr'><strong>ac</strong></span> <span class='ocrx_word' id='word_1_16' title='bbox 528 704 624 785; x_wconf 77' lang='lat' dir='ltr'><strong>gratia</strong></span> <span class='ocrx_word' id='word_1_17' title='bbox 643 722 692 766; x_wconf 88' lang='lat' dir='ltr'><strong>res</strong></span> <span class='ocrx_word' id='word_1_18' title='bbox 705 709 820 766; x_wconf 87' lang='lat' dir='ltr'><strong>vestras</strong></span> <span class='ocrx_word' id='word_1_19' title='bbox 836 709 996 780; x_wconf 85' lang='lat' dir='ltr'><strong>sustentet,</strong></span> <span class='ocrx_word' id='word_1_20' title='bbox 1010 721 1046 765; x_wconf 92' lang='lat' dir='ltr'><strong>ac</strong></span> <span class='ocrx_word' id='word_1_21' title='bbox 1059 708 1190 780; x_wconf 86' lang='lat' dir='ltr'><strong>tueatur,</strong></span> <span class='ocrx_word' id='word_1_22' title='bbox 1212 720 1248 764; x_wconf 91' lang='lat' dir='ltr'><strong>ac</strong></span> <span class='ocrx_word' id='word_1_23' title='bbox 1268 698 1357 763; x_wconf 87' lang='lat' dir='ltr'><strong>nobis</strong></span> <span class='ocrx_word' id='word_1_24' title='bbox 1379 703 1478 764; x_wconf 84' lang='lat' dir='ltr'><strong>etiam</strong></span> 
     </span>
     <span class='ocr_line' id='line_1_4' title="bbox 328 797 1479 882; baseline -0.003 -19"><span class='ocrx_word' id='word_1_25' title='bbox 328 820 380 863; x_wconf 87' lang='lat' dir='ltr'><strong>eas</strong></span> <span class='ocrx_word' id='word_1_26' title='bbox 397 803 475 863; x_wconf 85' lang='lat' dir='ltr'><strong>vires</strong></span> <span class='ocrx_word' id='word_1_27' title='bbox 488 819 583 882; x_wconf 87' lang='lat' dir='ltr'><strong>esque</strong></span> <span class='ocrx_word' id='word_1_28' title='bbox 601 799 772 882; x_wconf 80' lang='lat' dir='ltr'>suppeditet</span> <span class='ocrx_word' id='word_1_29' title='bbox 788 800 924 875; x_wconf 87' lang='lat' dir='ltr'><strong>consilia,</strong></span> <span class='ocrx_word' id='word_1_30' title='bbox 938 800 1049 882; x_wconf 90' lang='lat' dir='ltr'><strong>quibus</strong></span> <span class='ocrx_word' id='word_1_31' title='bbox 1068 806 1099 861; x_wconf 88' lang='lat' dir='ltr'><strong>et</strong></span> <span class='ocrx_word' id='word_1_32' title='bbox 1112 806 1212 862; x_wconf 87' lang='lat' dir='ltr'><strong>vestro</strong></span> <span class='ocrx_word' id='word_1_33' title='bbox 1231 799 1270 860; x_wconf 91' lang='lat' dir='ltr'><strong>de</strong></span> <span class='ocrx_word' id='word_1_34' title='bbox 1283 797 1377 860; x_wconf 90' lang='lat' dir='ltr'><strong>Nobis</strong></span> <span class='ocrx_word' id='word_1_35' title='bbox 1390 798 1479 861; x_wconf 84' lang='lat' dir='ltr'><strong>desi-</strong></span> 
     </span>
     <span class='ocr_line' id='line_1_5' title="bbox 260 893 1481 978; baseline -0.002 -19"><span class='ocrx_word' id='word_1_36' title='bbox 260 902 264 913; x_wconf 83' lang='grc'><em>’</em></span> <span class='ocrx_word' id='word_1_37' title='bbox 327 896 423 973; x_wconf 88' lang='lat' dir='ltr'><strong>derio,</strong></span> <span class='ocrx_word' id='word_1_38' title='bbox 442 902 473 959; x_wconf 86' lang='lat' dir='ltr'><strong>et</strong></span> <span class='ocrx_word' id='word_1_39' title='bbox 484 895 621 978; x_wconf 82' lang='lat' dir='ltr'><strong>plurima</strong></span> <span class='ocrx_word' id='word_1_40' title='bbox 633 901 741 958; x_wconf 77' lang='lat' dir='ltr'><strong>nostra</strong></span> <span class='ocrx_word' id='word_1_41' title='bbox 758 913 897 975; x_wconf 83' lang='lat' dir='ltr'><strong>ergarus</strong></span> <span class='ocrx_word' id='word_1_42' title='bbox 914 894 1031 956; x_wconf 89' lang='lat' dir='ltr'><strong>caritati</strong></span> <span class='ocrx_word' id='word_1_43' title='bbox 1046 894 1165 956; x_wconf 81' lang='lat' dir='ltr'>abunde</span> <span class='ocrx_word' id='word_1_44' title='bbox 1180 893 1412 958; x_wconf 76' lang='lat' dir='ltr'><strong>satisfaciamus.</strong></span> <span class='ocrx_word' id='word_1_45' title='bbox 1432 898 1481 957; x_wconf 82' lang='lat' dir='ltr'><strong>Ac</strong></span> 
     </span>
     <span class='ocr_line' id='line_1_6' title="bbox 328 990 1479 1074; baseline -0.003 -18"><span class='ocrx_word' id='word_1_46' title='bbox 328 995 359 1056; x_wconf 92' lang='lat' dir='ltr'><strong>in</strong></span> <span class='ocrx_word' id='word_1_47' title='bbox 370 994 505 1074; x_wconf 84' lang='lat' dir='ltr'><strong>ejusdem</strong></span> <span class='ocrx_word' id='word_1_48' title='bbox 513 993 621 1074; x_wconf 76' lang='lat' dir='ltr'><strong>pignus</strong></span> <span class='ocrx_word' id='word_1_49' title='bbox 628 990 1351 1073; x_wconf 85' lang='lat' dir='ltr'><strong>apostolicambenedictionemTibi,Venerabilis</strong></span> <span class='ocrx_word' id='word_1_50' title='bbox 1360 993 1479 1069; x_wconf 81' lang='lat' dir='ltr'><strong>Frater,</strong></span> 
     </span>
     <span class='ocr_line' id='line_1_7' title="bbox 327 1088 1482 1174; baseline -0.002 -20"><span class='ocrx_word' id='word_1_51' title='bbox 327 1097 447 1174; x_wconf 79' lang='lat' dir='ltr'><strong>tuaque</strong></span> <span class='ocrx_word' id='word_1_52' title='bbox 458 1089 528 1154; x_wconf 88' lang='lat' dir='ltr'><strong>fidei</strong></span> <span class='ocrx_word' id='word_1_53' title='bbox 545 1088 717 1153; x_wconf 89' lang='lat' dir='ltr'><strong>commisso·</strong></span> <span class='ocrx_word' id='word_1_54' title='bbox 728 1089 842 1170; x_wconf 93' lang='lat' dir='ltr'><strong>populo</strong></span> <span class='ocrx_word' id='word_1_55' title='bbox 862 1094 1053 1170; x_wconf 79' lang='lat' dir='ltr'><strong>peramanter</strong></span> <span class='ocrx_word' id='word_1_56' title='bbox 1067 1088 1266 1170; x_wconf 87' lang='lat' dir='ltr'><strong>impertimur.</strong></span> <span class='ocrx_word' id='word_1_57' title='bbox 1282 1090 1397 1152; x_wconf 82' lang='lat' dir='ltr'><strong>Datum</strong></span> <span class='ocrx_word' id='word_1_58' title='bbox 1415 1091 1482 1154; x_wconf 79' lang='lat' dir='ltr'><strong>llo-</strong></span> 
     </span>
     <span class='ocr_line' id='line_1_8' title="bbox 328 1189 1371 1266; baseline 0 -16"><span class='ocrx_word' id='word_1_59' title='bbox 328 1208 397 1264; x_wconf 82' lang='lat' dir='ltr'><strong>ruoe,</strong></span> <span class='ocrx_word' id='word_1_60' title='bbox 413 1197 483 1266; x_wconf 78' lang='lat' dir='ltr'><strong>etc,</strong></span> <span class='ocrx_word' id='word_1_61' title='bbox 497 1189 546 1250; x_wconf 83' lang='lat' dir='ltr'><strong>dic</strong></span> <span class='ocrx_word' id='word_1_62' title='bbox 560 1189 744 1266; x_wconf 65' lang='lat' dir='ltr'><strong>noj‘anunrii</strong></span> <span class='ocrx_word' id='word_1_63' title='bbox 759 1189 1053 1265; x_wconf 71' lang='lat' dir='ltr'><strong>177⁰,pcntc&#39;ficutus</strong></span> <span class='ocrx_word' id='word_1_64' title='bbox 1063 1190 1161 1248; x_wconf 83' lang='lat' dir='ltr'><strong>nostri</strong></span> <span class='ocrx_word' id='word_1_65' title='bbox 1174 1205 1254 1248; x_wconf 79' lang='lat' dir='ltr'><strong>anno</strong></span> <span class='ocrx_word' id='word_1_66' title='bbox 1260 1192 1371 1266; x_wconf 81' lang='lat' dir='ltr'><strong>primo.</strong></span> 
     </span>
    </p>
   </div>
   <div class='ocr_carea' id='block_1_2' title="bbox 815 1319 989 1334">
    <p class='ocr_par' dir='ltr' id='par_1_3' title="bbox 815 1319 989 1334">
     <span class='ocr_line' id='line_1_9' title="bbox 815 1319 989 1334; baseline -0.006 -3"><span class='ocrx_word' id='word_1_67' title='bbox 815 1319 989 1334; x_wconf 67' lang='lat' dir='ltr'><strong>-—-u-—p=-</strong></span> 
     </span>
    </p>
   </div>
   <div class='ocr_carea' id='block_1_3' title="bbox 858 1421 939 1489">
    <p class='ocr_par' dir='ltr' id='par_1_4' title="bbox 858 1421 939 1489">
     <span class='ocr_line' id='line_1_10' title="bbox 858 1421 939 1489; baseline 0 0"><span class='ocrx_word' id='word_1_68' title='bbox 858 1421 939 1489; x_wconf 90' lang='lat' dir='ltr'><strong>LlV.</strong></span> 
     </span>
    </p>
   </div>
   <div class='ocr_carea' id='block_1_4' title="bbox 556 1576 1271 1742">
    <p class='ocr_par' dir='ltr' id='par_1_5' title="bbox 556 1576 1271 1742">
     <span class='ocr_line' id='line_1_11' title="bbox 667 1576 1136 1622; baseline 0 -4"><span class='ocrx_word' id='word_1_69' title='bbox 667 1577 810 1620; x_wconf 78' lang='lat' dir='ltr'><strong>uruucrn</strong></span> <span class='ocrx_word' id='word_1_70' title='bbox 830 1577 866 1620; x_wconf 82' lang='grc'><strong>111</strong></span> <span class='ocrx_word' id='word_1_71' title='bbox 887 1576 1021 1622; x_wconf 83' lang='lat' dir='ltr'><strong>cnnrsro</strong></span> <span class='ocrx_word' id='word_1_72' title='bbox 1043 1577 1136 1618; x_wconf 77' lang='lat' dir='ltr'><strong>arcun</strong></span> 
     </span>
     <span class='ocr_line' id='line_1_12' title="bbox 556 1679 1271 1742; baseline -0.003 -1"><span class='ocrx_word' id='word_1_73' title='bbox 556 1681 693 1741; x_wconf 81' lang='lat' dir='ltr'><strong>MARIAE</strong></span> <span class='ocrx_word' id='word_1_74' title='bbox 722 1679 957 1741; x_wconf 78' lang='lat' dir='ltr'><strong>GATHERINAE</strong></span> <span class='ocrx_word' id='word_1_75' title='bbox 983 1680 1271 1742; x_wconf 81' lang='lat' dir='ltr'><strong>ARCHAMBAULT</strong></span> 
     </span>
    </p>
   </div>
   <div class='ocr_carea' id='block_1_5' title="bbox 639 1794 1162 1877">
    <p class='ocr_par' dir='ltr' id='par_1_6' title="bbox 639 1794 1162 1877">
     <span class='ocr_line' id='line_1_13' title="bbox 639 1794 1162 1877; baseline -0.008 -5"><span class='ocrx_word' id='word_1_76' title='bbox 639 1794 873 1877; x_wconf 80' lang='lat' dir='ltr'>CLEMENS</span> <span class='ocrx_word' id='word_1_77' title='bbox 900 1797 1028 1871; x_wconf 86' lang='lat' dir='ltr'><strong>PAPA</strong></span> <span class='ocrx_word' id='word_1_78' title='bbox 1056 1795 1162 1876; x_wconf 79' lang='lat' dir='ltr'><strong>xlv,</strong></span> 
     </span>
    </p>
   </div>
   <div class='ocr_carea' id='block_1_6' title="bbox 1062 1915 1395 2014">
    <p class='ocr_par' dir='ltr' id='par_1_7' title="bbox 1062 1915 1395 2014">
     <span class='ocr_line' id='line_1_14' title="bbox 1062 1915 1395 2014; baseline -0.009 -10"><span class='ocrx_word' id='word_1_79' title='bbox 1062 1956 1160 2012; x_wconf 78' lang='lat' dir='ltr'><strong>Rome,</strong></span> <span class='ocrx_word' id='word_1_80' title='bbox 1172 1957 1201 2002; x_wconf 75' lang='lat'><strong>24</strong></span> <span class='ocrx_word' id='word_1_81' title='bbox 1211 1915 1395 2014; x_wconf 40' lang='lat' dir='ltr'><strong>imnerii&#39;tlm.</strong></span> 
     </span>
    </p>
   </div>
   <div class='ocr_carea' id='block_1_7' title="bbox 327 2057 1488 2723">
    <p class='ocr_par' dir='ltr' id='par_1_8' title="bbox 327 2057 1488 2723">
     <span class='ocr_line' id='line_1_15' title="bbox 368 2057 1483 2132; baseline -0.003 -9"><span class='ocrx_word' id='word_1_82' title='bbox 368 2063 505 2132; x_wconf 82' lang='lat' dir='ltr'><strong>Dilecto,</strong></span> <span class='ocrx_word' id='word_1_83' title='bbox 521 2068 576 2122; x_wconf 85' lang='lat' dir='ltr'><strong>etc.</strong></span> <span class='ocrx_word' id='word_1_84' title='bbox 590 2061 729 2122; x_wconf 82' lang='lat' dir='ltr'><strong>Relatum</strong></span> <span class='ocrx_word' id='word_1_85' title='bbox 746 2058 839 2121; x_wconf 91' lang='lat' dir='ltr'><strong>Nobis</strong></span> <span class='ocrx_word' id='word_1_86' title='bbox 851 2059 908 2121; x_wconf 88' lang='lat' dir='ltr'><strong>luit</strong></span> <span class='ocrx_word' id='word_1_87' title='bbox 922 2077 940 2120; x_wconf 88' lang='lat' dir='ltr'><strong>a</strong></span> <span class='ocrx_word' id='word_1_88' title='bbox 954 2059 1070 2122; x_wconf 89' lang='lat' dir='ltr'><strong>dilectis</strong></span> <span class='ocrx_word' id='word_1_89' title='bbox 1088 2057 1119 2120; x_wconf 90' lang='lat' dir='ltr'><strong>in</strong></span> <span class='ocrx_word' id='word_1_90' title='bbox 1132 2058 1249 2120; x_wconf 83' lang='lat' dir='ltr'><strong>Christo</strong></span> <span class='ocrx_word' id='word_1_91' title='bbox 1263 2057 1382 2123; x_wconf 83' lang='lat' dir='ltr'><strong>filiabus</strong></span> <span class='ocrx_word' id='word_1_92' title='bbox 1396 2057 1483 2121; x_wconf 80' lang='lat' dir='ltr'><strong>Prio·</strong></span> 
     </span>
     <span class='ocr_line' id='line_1_16' title="bbox 328 2154 1482 2237; baseline -0.001 -18"><span class='ocrx_word' id='word_1_93' title='bbox 328 2157 403 2219; x_wconf 86' lang='lat' dir='ltr'><strong>rissa</strong></span> <span class='ocrx_word' id='word_1_94' title='bbox 415 2164 446 2220; x_wconf 90' lang='lat' dir='ltr'><strong>et</strong></span> <span class='ocrx_word' id='word_1_95' title='bbox 453 2155 635 2219; x_wconf 89' lang='lat' dir='ltr'><strong>monialibus</strong></span> <span class='ocrx_word' id='word_1_96' title='bbox 646 2155 852 2217; x_wconf 84' lang='lat' dir='ltr'><strong>Carmelitanis</strong></span> <span class='ocrx_word' id='word_1_97' title='bbox 860 2154 989 2218; x_wconf 87' lang='lat' dir='ltr'><strong>civitatis</strong></span> <span class='ocrx_word' id='word_1_98' title='bbox 1001 2155 1196 2235; x_wconf 84' lang='lat' dir='ltr'><strong>Biturigensis</strong></span> <span class='ocrx_word' id='word_1_99' title='bbox 1205 2156 1248 2217; x_wconf 88' lang='lat' dir='ltr'><strong>Te</strong></span> <span class='ocrx_word' id='word_1_100' title='bbox 1257 2173 1362 2217; x_wconf 86' lang='lat' dir='ltr'><strong>earum</strong></span> <span class='ocrx_word' id='word_1_101' title='bbox 1371 2155 1482 2237; x_wconf 79' lang='lat' dir='ltr'><strong>inopiae</strong></span> 
     </span>
     <span class='ocr_line' id='line_1_17' title="bbox 327 2251 1480 2334; baseline 0 -19"><span class='ocrx_word' id='word_1_102' title='bbox 327 2253 482 2315; x_wconf 77' lang='lat' dir='ltr'><strong>misertum</strong></span> <span class='ocrx_word' id='word_1_103' title='bbox 496 2252 626 2334; x_wconf 89' lang='lat' dir='ltr'><strong>plurima</strong></span> <span class='ocrx_word' id='word_1_104' title='bbox 638 2251 816 2316; x_wconf 80' lang='lat' dir='ltr'><strong>liberalitate</strong></span> <span class='ocrx_word' id='word_1_105' title='bbox 829 2271 915 2315; x_wconf 90' lang='lat' dir='ltr'><strong>usam</strong></span> <span class='ocrx_word' id='word_1_106' title='bbox 927 2270 1003 2322; x_wconf 80' lang='lat' dir='ltr'><strong>esse,</strong></span> <span class='ocrx_word' id='word_1_107' title='bbox 1020 2270 1055 2314; x_wconf 92' lang='lat' dir='ltr'><strong>ac</strong></span> <span class='ocrx_word' id='word_1_108' title='bbox 1067 2251 1200 2332; x_wconf 81' lang='lat' dir='ltr'><strong>amplam</strong></span> <span class='ocrx_word' id='word_1_109' title='bbox 1211 2251 1303 2314; x_wconf 88' lang='lat' dir='ltr'><strong>etiam</strong></span> <span class='ocrx_word' id='word_1_110' title='bbox 1314 2255 1480 2333; x_wconf 88' lang='lat' dir='ltr'><strong>quotannis</strong></span> 
     </span>
     <span class='ocr_line' id='line_1_18' title="bbox 327 2347 1483 2432; baseline 0.006 -22"><span class='ocrx_word' id='word_1_111' title='bbox 327 2349 514 2430; x_wconf 84' lang='lat' dir='ltr'><strong>pensionem,</strong></span> <span class='ocrx_word' id='word_1_112' title='bbox 525 2349 628 2430; x_wconf 90' lang='lat' dir='ltr'><strong>quoad</strong></span> <span class='ocrx_word' id='word_1_113' title='bbox 641 2349 703 2410; x_wconf 91' lang='lat' dir='ltr'><strong>vita</strong></span> <span class='ocrx_word' id='word_1_114' title='bbox 714 2355 865 2430; x_wconf 90' lang='lat' dir='ltr'><strong>suppetat,</strong></span> <span class='ocrx_word' id='word_1_115' title='bbox 880 2348 953 2431; x_wconf 88' lang='lat' dir='ltr'><strong>ipsis</strong></span> <span class='ocrx_word' id='word_1_116' title='bbox 967 2350 1156 2413; x_wconf 85' lang='lat' dir='ltr'><strong>collaturam.</strong></span> <span class='ocrx_word' id='word_1_117' title='bbox 1167 2347 1193 2410; x_wconf 88' lang='lat' dir='ltr'>N</span> <span class='ocrx_word' id='word_1_118' title='bbox 1196 2369 1229 2412; x_wconf 93' lang='lat' dir='ltr'><strong>os</strong></span> <span class='ocrx_word' id='word_1_119' title='bbox 1241 2357 1401 2432; x_wconf 83' lang='lat' dir='ltr'><strong>propterca</strong></span> <span class='ocrx_word' id='word_1_120' title='bbox 1412 2352 1483 2432; x_wconf 82' lang='lat' dir='ltr'><strong>plu-</strong></span> 
     </span>
     <span class='ocr_line' id='line_1_19' title="bbox 327 2445 1483 2529; baseline 0.003 -23"><span class='ocrx_word' id='word_1_121' title='bbox 327 2445 406 2507; x_wconf 87' lang='lat' dir='ltr'><strong>rima</strong></span> <span class='ocrx_word' id='word_1_122' title='bbox 425 2445 687 2509; x_wconf 89' lang='lat' dir='ltr'><strong>commendatione</strong></span> <span class='ocrx_word' id='word_1_123' title='bbox 710 2450 896 2526; x_wconf 87' lang='lat' dir='ltr'><strong>paternaque</strong></span> <span class='ocrx_word' id='word_1_124' title='bbox 912 2445 1036 2509; x_wconf 87' lang='lat' dir='ltr'><strong>caritate</strong></span> <span class='ocrx_word' id='word_1_125' title='bbox 1050 2452 1135 2509; x_wconf 87' lang='lat' dir='ltr'><strong>tuam</strong></span> <span class='ocrx_word' id='word_1_126' title='bbox 1153 2447 1232 2508; x_wconf 91' lang='lat' dir='ltr'><strong>hanc</strong></span> <span class='ocrx_word' id='word_1_127' title='bbox 1245 2446 1390 2528; x_wconf 84' lang='lat' dir='ltr'><strong>pietatem</strong></span> <span class='ocrx_word' id='word_1_128' title='bbox 1403 2467 1483 2529; x_wconf 78' lang='lat' dir='ltr'><strong>pro-</strong></span> 
     </span>
     <span class='ocr_line' id='line_1_20' title="bbox 328 2541 1480 2625; baseline 0.006 -22"><span class='ocrx_word' id='word_1_129' title='bbox 328 2549 502 2622; x_wconf 87' lang='lat' dir='ltr'><strong>sequentes,</strong></span> <span class='ocrx_word' id='word_1_130' title='bbox 522 2541 634 2607; x_wconf 84' lang='lat' dir='ltr'><strong>nostris</strong></span> <span class='ocrx_word' id='word_1_131' title='bbox 656 2547 685 2603; x_wconf 84' lang='lat' dir='ltr'><strong>te</strong></span> <span class='ocrx_word' id='word_1_132' title='bbox 708 2541 860 2608; x_wconf 83' lang='lat' dir='ltr'><strong>beneficiis</strong></span> <span class='ocrx_word' id='word_1_133' title='bbox 879 2560 986 2608; x_wconf 83' lang='lat' dir='ltr'><strong>ornare</strong></span> <span class='ocrx_word' id='word_1_134' title='bbox 1006 2543 1165 2625; x_wconf 91' lang='lat' dir='ltr'><strong>cupimus,</strong></span> <span class='ocrx_word' id='word_1_135' title='bbox 1188 2551 1334 2625; x_wconf 82' lang='lat' dir='ltr'><strong>gratoque</strong></span> <span class='ocrx_word' id='word_1_136' title='bbox 1356 2545 1480 2612; x_wconf 89' lang='lat' dir='ltr'><strong>illarum</strong></span> 
     </span>
     <span class='ocr_line' id='line_1_21' title="bbox 327 2638 1488 2723; baseline 0.006 -25"><span class='ocrx_word' id='word_1_137' title='bbox 327 2657 399 2718; x_wconf 75' lang='lat' dir='ltr'><strong>erpa</strong></span> <span class='ocrx_word' id='word_1_138' title='bbox 413 2645 444 2700; x_wconf 90' lang='lat' dir='ltr'><strong>te</strong></span> <span class='ocrx_word' id='word_1_139' title='bbox 462 2639 563 2706; x_wconf 86' lang='lat' dir='ltr'><strong>animo</strong></span> <span class='ocrx_word' id='word_1_140' title='bbox 576 2638 714 2700; x_wconf 83' lang='lat' dir='ltr'><strong>faventes</strong></span> <span class='ocrx_word' id='word_1_141' title='bbox 728 2646 950 2721; x_wconf 86' lang='lat' dir='ltr'><strong>annuentesque</strong></span> <span class='ocrx_word' id='word_1_142' title='bbox 961 2641 1111 2723; x_wconf 90' lang='lat' dir='ltr'><strong>precibus,</strong></span> <span class='ocrx_word' id='word_1_143' title='bbox 1126 2641 1337 2704; x_wconf 83' lang='lat' dir='ltr'><strong>benefactricis</strong></span> <span class='ocrx_word' id='word_1_144' title='bbox 1352 2661 1488 2719; x_wconf 59' lang='lat' dir='ltr'><strong>earum-⁴</strong></span> 
     </span>
    </p>
   </div>
   <div class='ocr_carea' id='block_1_8' title="bbox 327 2736 1484 3592">
    <p class='ocr_par' dir='ltr' id='par_1_9' title="bbox 327 2736 1484 3592">
     <span class='ocr_line' id='line_1_22' title="bbox 328 2736 1482 2809; baseline 0.003 -11"><span class='ocrx_word' id='word_1_145' title='bbox 328 2736 396 2799; x_wconf 90' lang='lat' dir='ltr'><strong>dem</strong></span> <span class='ocrx_word' id='word_1_146' title='bbox 408 2736 581 2801; x_wconf 87' lang='lat' dir='ltr'><strong>monasterii</strong></span> <span class='ocrx_word' id='word_1_147' title='bbox 600 2736 723 2799; x_wconf 91' lang='lat' dir='ltr'><strong>titulum</strong></span> <span class='ocrx_word' id='word_1_148' title='bbox 736 2737 790 2799; x_wconf 92' lang='lat' dir='ltr'><strong>tibi</strong></span> <span class='ocrx_word' id='word_1_149' title='bbox 805 2738 987 2809; x_wconf 87' lang='lat' dir='ltr'><strong>conferimus</strong></span> <span class='ocrx_word' id='word_1_150' title='bbox 997 2757 1069 2802; x_wconf 91' lang='lat' dir='ltr'><strong>cum</strong></span> <span class='ocrx_word' id='word_1_151' title='bbox 1078 2738 1226 2801; x_wconf 57' lang='lat' dir='ltr'><strong>&gt;omnibus</strong></span> <span class='ocrx_word' id='word_1_152' title='bbox 1241 2739 1339 2800; x_wconf 89' lang='lat' dir='ltr'><strong>eidem</strong></span> <span class='ocrx_word' id='word_1_153' title='bbox 1353 2741 1482 2802; x_wconf 82' lang='lat' dir='ltr'><strong>annexis</strong></span> 
     </span>
     <span class='ocr_line' id='line_1_23' title="bbox 329 2834 1484 2916; baseline 0.004 -21"><span class='ocrx_word' id='word_1_154' title='bbox 329 2835 535 2916; x_wconf 87' lang='lat' dir='ltr'><strong>spiritualibus</strong></span> <span class='ocrx_word' id='word_1_155' title='bbox 546 2854 582 2897; x_wconf 85' lang='lat' dir='ltr'><strong>ac</strong></span> <span class='ocrx_word' id='word_1_156' title='bbox 592 2834 807 2916; x_wconf 85' lang='lat' dir='ltr'><strong>temporalibus</strong></span> <span class='ocrx_word' id='word_1_157' title='bbox 821 2834 993 2916; x_wconf 79' lang='lat' dir='ltr'><strong>privilegiis,</strong></span> <span class='ocrx_word' id='word_1_158' title='bbox 1006 2834 1322 2899; x_wconf 82' lang='lat' dir='ltr'><strong>aciacultatemetiam</strong></span> <span class='ocrx_word' id='word_1_159' title='bbox 1333 2835 1442 2898; x_wconf 91' lang='lat' dir='ltr'><strong>damus</strong></span> <span class='ocrx_word' id='word_1_160' title='bbox 1450 2836 1484 2901; x_wconf 92' lang='lat' dir='ltr'><strong>in</strong></span> 
     </span>
     <span class='ocr_line' id='line_1_24' title="bbox 329 2929 1481 3017; baseline 0.004 -27"><span class='ocrx_word' id='word_1_161' title='bbox 329 2929 411 2995; x_wconf 89' lang='lat' dir='ltr'><strong>idem</strong></span> <span class='ocrx_word' id='word_1_162' title='bbox 425 2930 653 3008; x_wconf 86' lang='lat' dir='ltr'><strong>monasterium,</strong></span> <span class='ocrx_word' id='word_1_163' title='bbox 663 2948 734 2992; x_wconf 92' lang='lat' dir='ltr'><strong>cum</strong></span> <span class='ocrx_word' id='word_1_164' title='bbox 745 2930 848 3012; x_wconf 90' lang='lat' dir='ltr'><strong>pietati</strong></span> <span class='ocrx_word' id='word_1_165' title='bbox 859 2936 918 3017; x_wconf 79' lang='lat' dir='ltr'><strong>tue</strong></span> <span class='ocrx_word' id='word_1_166' title='bbox 928 2930 1054 3017; x_wconf 87' lang='lat' dir='ltr'><strong>obsequi</strong></span> <span class='ocrx_word' id='word_1_167' title='bbox 1066 2933 1165 3009; x_wconf 89' lang='lat' dir='ltr'><strong>voles,</strong></span> <span class='ocrx_word' id='word_1_168' title='bbox 1179 2931 1374 3010; x_wconf 84' lang='lat' dir='ltr'><strong>ingrediendi.</strong></span> <span class='ocrx_word' id='word_1_169' title='bbox 1391 2933 1481 3006; x_wconf 87' lang='lat' dir='ltr'><strong>Quod</strong></span> 
     </span>
     <span class='ocr_line' id='line_1_25' title="bbox 329 3027 1481 3110; baseline 0 -20"><span class='ocrx_word' id='word_1_170' title='bbox 329 3038 491 3110; x_wconf 85' lang='lat' dir='ltr'><strong>utrumque</strong></span> <span class='ocrx_word' id='word_1_171' title='bbox 505 3048 543 3092; x_wconf 85' lang='lat' dir='ltr'><strong>ea</strong></span> <span class='ocrx_word' id='word_1_172' title='bbox 563 3029 680 3096; x_wconf 86' lang='lat' dir='ltr'><strong>ratione</strong></span> <span class='ocrx_word' id='word_1_173' title='bbox 699 3027 755 3090; x_wconf 89' lang='lat' dir='ltr'><strong>tibi</strong></span> <span class='ocrx_word' id='word_1_174' title='bbox 770 3029 892 3108; x_wconf 81' lang='lat' dir='ltr'><strong>largitos</strong></span> <span class='ocrx_word' id='word_1_175' title='bbox 907 3031 969 3091; x_wconf 88' lang='lat' dir='ltr'><strong>Nos</strong></span> <span class='ocrx_word' id='word_1_176' title='bbox 984 3047 1048 3092; x_wconf 87' lang='lat' dir='ltr'><strong>essa</strong></span> <span class='ocrx_word' id='word_1_177' title='bbox 1061 3027 1269 3107; x_wconf 78' lang='lat' dir='ltr'><strong>intelligimus,</strong></span> <span class='ocrx_word' id='word_1_178' title='bbox 1286 3047 1347 3108; x_wconf 85' lang='lat' dir='ltr'><strong>qua</strong></span> <span class='ocrx_word' id='word_1_179' title='bbox 1359 3028 1481 3090; x_wconf 87' lang='lat' dir='ltr'><strong>ratione</strong></span> 
     </span>
     <span class='ocr_line' id='line_1_26' title="bbox 328 3124 1482 3206; baseline -0.003 -17"><span class='ocrx_word' id='word_1_180' title='bbox 328 3134 418 3189; x_wconf 86' lang='lat' dir='ltr'><strong>antea</strong></span> <span class='ocrx_word' id='word_1_181' title='bbox 429 3128 478 3188; x_wconf 89' lang='lat' dir='ltr'><strong>Sa.</strong></span> <span class='ocrx_word' id='word_1_182' title='bbox 492 3128 583 3188; x_wconf 87' lang='lat' dir='ltr'><strong>Mem.</strong></span> <span class='ocrx_word' id='word_1_183' title='bbox 596 3125 776 3188; x_wconf 79' lang='lat' dir='ltr'><strong>Benedictus</strong></span> <span class='ocrx_word' id='word_1_184' title='bbox 787 3127 854 3187; x_wconf 88' lang='lat' dir='ltr'><strong>lllV</strong></span> <span class='ocrx_word' id='word_1_185' title='bbox 867 3126 1066 3206; x_wconf 76' lang='lat' dir='ltr'><strong>predecessor</strong></span> <span class='ocrx_word' id='word_1_186' title='bbox 1075 3132 1177 3189; x_wconf 87' lang='lat' dir='ltr'><strong>noster</strong></span> <span class='ocrx_word' id='word_1_187' title='bbox 1190 3124 1274 3187; x_wconf 88' lang='lat' dir='ltr'><strong>alteri</strong></span> <span class='ocrx_word' id='word_1_188' title='bbox 1287 3124 1482 3193; x_wconf 80' lang='lat' dir='ltr'><strong>dilectaefrliae</strong></span> 
     </span>
     <span class='ocr_line' id='line_1_27' title="bbox 329 3220 1481 3303; baseline -0.002 -20"><span class='ocrx_word' id='word_1_189' title='bbox 329 3223 463 3303; x_wconf 85' lang='lat' dir='ltr'><strong>idipsum</strong></span> <span class='ocrx_word' id='word_1_190' title='bbox 475 3223 587 3285; x_wconf 91' lang='lat' dir='ltr'><strong>ibidem</strong></span> <span class='ocrx_word' id='word_1_191' title='bbox 600 3222 640 3284; x_wconf 95' lang='lat' dir='ltr'><strong>ob</strong></span> <span class='ocrx_word' id='word_1_192' title='bbox 652 3222 775 3284; x_wconf 88' lang='lat' dir='ltr'><strong>easdem</strong></span> <span class='ocrx_word' id='word_1_193' title='bbox 788 3239 896 3287; x_wconf 85' lang='lat' dir='ltr'><strong>causas</strong></span> <span class='ocrx_word' id='word_1_194' title='bbox 906 3221 1031 3301; x_wconf 78' lang='lat' dir='ltr'><strong>largitus</strong></span> <span class='ocrx_word' id='word_1_195' title='bbox 1042 3221 1109 3283; x_wconf 86' lang='lat' dir='ltr'><strong>luit.</strong></span> <span class='ocrx_word' id='word_1_196' title='bbox 1122 3224 1167 3285; x_wconf 87' lang='lat' dir='ltr'><strong>Ac</strong></span> <span class='ocrx_word' id='word_1_197' title='bbox 1180 3222 1211 3283; x_wconf 93' lang='lat' dir='ltr'><strong>in</strong></span> <span class='ocrx_word' id='word_1_198' title='bbox 1225 3220 1382 3303; x_wconf 81' lang='lat' dir='ltr'><strong>pontificia</strong></span> <span class='ocrx_word' id='word_1_199' title='bbox 1393 3221 1481 3286; x_wconf 84' lang='lat' dir='ltr'><strong>oeri-</strong></span> 
     </span>
     <span class='ocr_line' id='line_1_28' title="bbox 329 3314 1478 3398; baseline 0.002 -20"><span class='ocrx_word' id='word_1_200' title='bbox 329 3317 401 3378; x_wconf 90' lang='lat' dir='ltr'><strong>tatis</strong></span> <span class='ocrx_word' id='word_1_201' title='bbox 414 3316 734 3398; x_wconf 84' lang='lat' dir='ltr'><strong>pignusapostolicarn</strong></span> <span class='ocrx_word' id='word_1_202' title='bbox 747 3314 986 3385; x_wconf 86' lang='lat' dir='ltr'><strong>benedictionem</strong></span> <span class='ocrx_word' id='word_1_203' title='bbox 1000 3316 1079 3395; x_wconf 87' lang='lat' dir='ltr'><strong>Tibi,</strong></span> <span class='ocrx_word' id='word_1_204' title='bbox 1095 3316 1205 3381; x_wconf 89' lang='lat' dir='ltr'><strong>dilecta</strong></span> <span class='ocrx_word' id='word_1_205' title='bbox 1217 3318 1248 3380; x_wconf 93' lang='lat' dir='ltr'><strong>in</strong></span> <span class='ocrx_word' id='word_1_206' title='bbox 1262 3317 1377 3379; x_wconf 80' lang='lat' dir='ltr'><strong>Christo</strong></span> <span class='ocrx_word' id='word_1_207' title='bbox 1390 3316 1478 3395; x_wconf 82' lang='lat' dir='ltr'><strong>filia,</strong></span> 
     </span>
     <span class='ocr_line' id='line_1_29' title="bbox 328 3413 1481 3495; baseline 0.003 -20"><span class='ocrx_word' id='word_1_208' title='bbox 328 3419 519 3494; x_wconf 88' lang='lat' dir='ltr'><strong>peramanter</strong></span> <span class='ocrx_word' id='word_1_209' title='bbox 534 3413 732 3494; x_wconf 88' lang='lat' dir='ltr'><strong>impertimur.</strong></span> <span class='ocrx_word' id='word_1_210' title='bbox 756 3413 869 3475; x_wconf 84' lang='lat' dir='ltr'><strong>Datum</strong></span> <span class='ocrx_word' id='word_1_211' title='bbox 887 3415 1000 3495; x_wconf 79' lang='lat' dir='ltr'><strong>Roma,</strong></span> <span class='ocrx_word' id='word_1_212' title='bbox 1015 3421 1073 3476; x_wconf 84' lang='lat' dir='ltr'><strong>etc.</strong></span> <span class='ocrx_word' id='word_1_213' title='bbox 1079 3459 1087 3492; x_wconf 93' lang='lat'><strong>,</strong></span> <span class='ocrx_word' id='word_1_214' title='bbox 1101 3414 1149 3476; x_wconf 81' lang='lat' dir='ltr'><strong>die</strong></span> <span class='ocrx_word' id='word_1_215' title='bbox 1171 3427 1209 3483; x_wconf 79' lang='lat'><strong>24</strong></span> <span class='ocrx_word' id='word_1_216' title='bbox 1227 3418 1366 3492; x_wconf 74' lang='lat' dir='ltr'><strong>januar-n·</strong></span> <span class='ocrx_word' id='word_1_217' title='bbox 1386 3427 1481 3494; x_wconf 75' lang='lat'><strong>1770,</strong></span> 
     </span>
     <span class='ocr_line' id='line_1_30' title="bbox 327 3511 1300 3592; baseline -0.008 -20"><span class='ocrx_word' id='word_1_218' title='bbox 327 3512 520 3592; x_wconf 77' lang='lat' dir='ltr'><strong>pontificatus</strong></span> <span class='ocrx_word' id='word_1_219' title='bbox 534 3512 633 3574; x_wconf 76' lang='lat' dir='ltr'><strong>nostri</strong></span> <span class='ocrx_word' id='word_1_220' title='bbox 652 3526 729 3573; x_wconf 81' lang='lat' dir='ltr'><strong>anno</strong></span> <span class='ocrx_word' id='word_1_221' title='bbox 739 3511 849 3586; x_wconf 81' lang='lat' dir='ltr'><strong>primo.</strong></span> <span class='ocrx_word' id='word_1_222' title='bbox 1298 3521 1300 3525; x_wconf 90' lang='lat'>·</span> 
     </span>
    </p>
   </div>
   <div class='ocr_carea' id='block_1_9' title="bbox 818 3631 995 3642">
    <p class='ocr_par' dir='ltr' id='par_1_10' title="bbox 818 3631 995 3642">
     <span class='ocr_line' id='line_1_31' title="bbox 818 3631 995 3642; baseline 0.006 -1"><span class='ocrx_word' id='word_1_223' title='bbox 818 3631 995 3642; x_wconf 66' lang='lat' dir='ltr'>——u—</span> 
     </span>
    </p>
   </div>
   <div class='ocr_carea' id='block_1_10' title="bbox 455 3741 1347 4197">
    <p class='ocr_par' dir='ltr' id='par_1_11' title="bbox 455 3741 1347 4197">
     <span class='ocr_line' id='line_1_32' title="bbox 872 3741 938 3810; baseline 0 0"><span class='ocrx_word' id='word_1_224' title='bbox 872 3741 938 3810; x_wconf 87' lang='lat' dir='ltr'><strong>LV.</strong></span> 
     </span>
     <span class='ocr_line' id='line_1_33' title="bbox 587 3897 1220 3947; baseline 0.003 -5"><span class='ocrx_word' id='word_1_225' title='bbox 587 3899 754 3947; x_wconf 80' lang='lat' dir='ltr'><strong>cuarssrno</strong></span> <span class='ocrx_word' id='word_1_226' title='bbox 777 3899 813 3946; x_wconf 83' lang='lat' dir='ltr'><strong>ru</strong></span> <span class='ocrx_word' id='word_1_227' title='bbox 836 3897 968 3943; x_wconf 83' lang='lat' dir='ltr'><strong>cunrsro</strong></span> <span class='ocrx_word' id='word_1_228' title='bbox 989 3897 1077 3944; x_wconf 78' lang='lat' dir='ltr'><strong>muro</strong></span> <span class='ocrx_word' id='word_1_229' title='bbox 1100 3898 1220 3945; x_wconf 80' lang='lat' dir='ltr'><strong>uosrno</strong></span> 
     </span>
     <span class='ocr_line' id='line_1_34' title="bbox 455 4001 1347 4068; baseline -0.004 0"><span class='ocrx_word' id='word_1_230' title='bbox 455 4003 604 4068; x_wconf 71' lang='lat' dir='ltr'>CAROLO</span> <span class='ocrx_word' id='word_1_231' title='bbox 624 4003 822 4065; x_wconf 78' lang='lat' dir='ltr'><strong>EMANUELI</strong></span> <span class='ocrx_word' id='word_1_232' title='bbox 843 4001 1038 4066; x_wconf 76' lang='lat' dir='ltr'><strong>SARDINIAE</strong></span> <span class='ocrx_word' id='word_1_233' title='bbox 1057 4005 1151 4066; x_wconf 81' lang='lat' dir='ltr'>REGI</span> <span class='ocrx_word' id='word_1_234' title='bbox 1171 4005 1347 4067; x_wconf 83' lang='lat' dir='ltr'><strong>ILLUSTRI</strong></span> 
     </span>
     <span class='ocr_line' id='line_1_35' title="bbox 644 4117 1166 4197; baseline 0.006 -3"><span class='ocrx_word' id='word_1_235' title='bbox 644 4117 877 4196; x_wconf 80' lang='lat' dir='ltr'><strong>CLEMENS</strong></span> <span class='ocrx_word' id='word_1_236' title='bbox 903 4119 1032 4196; x_wconf 84' lang='lat' dir='ltr'><strong>PAPA</strong></span> <span class='ocrx_word' id='word_1_237' title='bbox 1059 4120 1166 4197; x_wconf 83' lang='lat' dir='ltr'><strong>XIV.</strong></span> 
     </span>
    </p>
   </div>
   <div class='ocr_carea' id='block_1_11' title="bbox 1064 4274 1400 4340">
    <p class='ocr_par' dir='ltr' id='par_1_12' title="bbox 1064 4274 1400 4340">
     <span class='ocr_line' id='line_1_36' title="bbox 1064 4274 1400 4340; baseline -0.015 -12"><span class='ocrx_word' id='word_1_238' title='bbox 1064 4280 1162 4340; x_wconf 83' lang='lat' dir='ltr'><strong>Romae,</strong></span> <span class='ocrx_word' id='word_1_239' title='bbox 1174 4283 1203 4328; x_wconf 81' lang='lat'><strong>28</strong></span> <span class='ocrx_word' id='word_1_240' title='bbox 1214 4275 1318 4340; x_wconf 81' lang='lat' dir='ltr'><strong>januarii</strong></span> <span class='ocrx_word' id='word_1_241' title='bbox 1331 4274 1400 4331; x_wconf 74' lang='lat'><strong>1770.</strong></span> 
     </span>
    </p>
   </div>
   <div class='ocr_carea' id='block_1_12' title="bbox 332 4365 1479 4560">
    <p class='ocr_par' dir='ltr' id='par_1_13' title="bbox 332 4365 1479 4560">
     <span class='ocr_line' id='line_1_37' title="bbox 376 4365 1479 4462; baseline -0.004 -16"><span class='ocrx_word' id='word_1_242' title='bbox 376 4365 546 4460; x_wconf 72' lang='lat' dir='ltr'><strong>Corinium,</strong></span> <span class='ocrx_word' id='word_1_243' title='bbox 562 4392 617 4448; x_wconf 83' lang='lat' dir='ltr'><strong>etc.</strong></span> <span class='ocrx_word' id='word_1_244' title='bbox 631 4372 656 4446; x_wconf 79' lang='grc' dir='ltr'>Ε</span> <span class='ocrx_word' id='word_1_245' title='bbox 669 4383 727 4445; x_wconf 90' lang='lat' dir='ltr'><strong>ben</strong></span> <span class='ocrx_word' id='word_1_246' title='bbox 742 4390 847 4447; x_wconf 85' lang='lat' dir='ltr'><strong>notae</strong></span> <span class='ocrx_word' id='word_1_247' title='bbox 866 4385 975 4446; x_wconf 87' lang='lat' dir='ltr'><strong>Vostra</strong></span> <span class='ocrx_word' id='word_1_248' title='bbox 985 4385 1099 4446; x_wconf 77' lang='lat' dir='ltr'><strong>Maesta</strong></span> <span class='ocrx_word' id='word_1_249' title='bbox 1113 4383 1314 4462; x_wconf 85' lang='lat' dir='ltr'><strong>l&#39;lstruzione,</strong></span> <span class='ocrx_word' id='word_1_250' title='bbox 1325 4383 1381 4445; x_wconf 91' lang='lat' dir='ltr'><strong>che</strong></span> <span class='ocrx_word' id='word_1_251' title='bbox 1398 4381 1479 4443; x_wconf 87' lang='lat' dir='ltr'><strong>dalla</strong></span> 
     </span>
     <span class='ocr_line' id='line_1_38' title="bbox 332 4478 1477 4560; baseline -0.005 -16"><span class='ocrx_word' id='word_1_252' title='bbox 332 4485 362 4544; x_wconf 83' lang='lat' dir='ltr'><strong>S.</strong></span> <span class='ocrx_word' id='word_1_253' title='bbox 379 4485 419 4544; x_wconf 87' lang='lat' dir='ltr'><strong>lll.</strong></span> <span class='ocrx_word' id='word_1_254' title='bbox 443 4481 472 4543; x_wconf 92' lang='lat' dir='ltr'><strong>di</strong></span> <span class='ocrx_word' id='word_1_255' title='bbox 492 4481 654 4545; x_wconf 84' lang='lat' dir='ltr'><strong>Benedetto</strong></span> <span class='ocrx_word' id='word_1_256' title='bbox 672 4481 749 4556; x_wconf 86' lang='lat' dir='ltr'><strong>XIV,</strong></span> <span class='ocrx_word' id='word_1_257' title='bbox 773 4499 831 4542; x_wconf 91' lang='lat' dir='ltr'><strong>con</strong></span> <span class='ocrx_word' id='word_1_258' title='bbox 853 4500 906 4543; x_wconf 90' lang='lat' dir='ltr'><strong>sna</strong></span> <span class='ocrx_word' id='word_1_259' title='bbox 922 4481 1028 4545; x_wconf 87' lang='lat' dir='ltr'><strong>lettera</strong></span> <span class='ocrx_word' id='word_1_260' title='bbox 1045 4480 1223 4560; x_wconf 90' lang='lat' dir='ltr'><strong>particolare</strong></span> <span class='ocrx_word' id='word_1_261' title='bbox 1244 4481 1282 4542; x_wconf 92' lang='lat' dir='ltr'><strong>dc</strong></span> <span class='ocrx_word' id='word_1_262' title='bbox 1306 4492 1323 4542; x_wconf 83' lang='grc'><strong>6</strong></span> <span class='ocrx_word' id='word_1_263' title='bbox 1342 4478 1477 4556; x_wconf 85' lang='lat' dir='ltr'><strong>Genrrajo</strong></span> 
     </span>
    </p>
   </div>
   <div class='ocr_carea' id='block_1_13' title="bbox 0 0 1602 5414">
    <p class='ocr_par' dir='ltr' id='par_1_14' title="bbox 0 0 1602 5414">
     <span class='ocr_line' id='line_1_39' title="bbox 0 0 1602 5414; baseline 0 0"><span class='ocrx_word' id='word_1_264' title='bbox 0 0 1602 5414; x_wconf 95' lang='lat' dir='ltr'><strong> </strong></span> 
     </span>
    </p>
   </div>
  </div>
 </body>
</html>
