3188 5414
363 510 365 514 ’
436 544 439 554 ,
479 493 661 568 EPlSl'OLAE
679 493 724 547 ΕΤ
743 493 879 547 annulo
893 494 1132 549 sntncmona.
1327 497 1377 552 loa

231 583 377 680 dignitati
387 599 444 676 sit,
462 590 555 679 utque
572 597 797 679 praedecessoris
817 597 941 662 uirtutes
959 609 1019 662 uon
1031 590 1261 675 iamentinotae,
1283 597 1376 658 sedin

230 715 403 758 snooessore
412 695 662 757 mdiuivaeomnes
673 695 914 765 essevideantur.
930 693 1066 760 lta‘eritis
1077 694 1115 759 de
1124 684 1378 756 vesttaSalisbur-

228 795 312 875 gensi
329 794 480 872 Ecclesia,
495 795 582 873 euius
601 794 662 855 Nos
675 793 894 858 studiosissimi
905 812 1025 870 sumus,
1041 790 1218 872 aoproinde
1232 791 1325 868 etiam
1338 791 1376 852 da

228 893 321 955 Nobis
334 894 478 974 praeclaro
491 891 604 956 meriti.
618 893 766 954 Volumus
778 897 933 973 praterea
946 891 1011 954 ‘hoo
1028 909 1110 955 nuno
1123 889 1255 964 maxime
1268 888 1299 949 in
1315 887 1376 949 ani-

228 1008 313 1051 mum
324 980 492 1068 inducatis,
505 989 654 1072 quidquid
667 991 733 1070 opis
746 1008 782 1051 ao
795 990 923 1070 praesidii
933 991 964 1054 in
980 998 1084 1055 nostra
1102 1007 1138 1052 ao
1152 987 1183 1051 in
1196 987 1377 1068 apostolica

227 1089 312 1151 Sedis
325 1089 505 1151 auetoritato
530 1106 595 1150 esso
608 1087 736 1169 poterit,
757 1087 833 1149 illud
850 1087 936 1150 vobis
958 1105 1048 1153 omue
1069 1104 1126 1168 pro
1150 1084 1375 1166 opportunitate

226 1193 335 1267 presto
351 1201 418 1248 esse
440 1205 559 1267 semper
572 1186 718 1248 luturum.
741 1186 828 1260 Quod
847 1186 997 1266 reliqumn
1018 1192 1064 1248 est
1084 1184 1276 1249 vehementer
1291 1182 1376 1246 vobis

226 1283 476 1348 sommendamus
484 1283 630 1346 dilectum
641 1284 737 1345 lilium
750 1283 901 1346 Abbatem
909 1283 1074 1363 losephum
1084 1280 1259 1362 Dionysium
1269 1279 1376 1368 Criuel·

225 1379 318 1458 lium,
340 1387 375 1442 ut
402 1380 453 1461 qui
479 1386 568 1442 antea
587 1380 685 1441 ⁴trrlm's
716 1380 897 1443 antistitibus
919 1379 1033 1444 vestris·
1050 1384 1228 1459 perpetuam
1252 1394 1376 1457 operam

226 1495 346 1539 summa
367 1495 440 1539 oum
467 1477 542 1553 lide,
566 1477 735 1557 integritate
751 1496 787 1538 ae
807 1477 970 1557 prudentia
987 1478 1183 1554 conjunctam
1203 1474 1376 1555 probaverit

225 1591 261 1634 ac
281 1573 311 1634 in
321 1574 463 1659 curandis
481 1576 568 1637 istius
579 1575 816 1637 Eoolesiaerebus
826 1575 1061 1656 prastandisque
1073 1572 1180 1635 officiis
1201 1589 1373 1632 consonue-

226 1670 281 1747 rit,
294 1670 424 1732 eundem
437 1671 665 1736 meritissimum
679 1690 745 1733 essa
764 1672 893 1752 putetis,
909 1673 996 1750 orpus
1010 1672 1141 1752 plutima
1163 1670 1244 1733 ratio
1261 1689 1280 1730 a
1296 1688 1375 1730 novo

225 1767 450 1848 archiepiscopo
459 1777 559 1831 vestm
567 1769 724 1840 habeatur.
735 1769 838 1829 Facite
848 1769 948 1847 igitur,
957 1767 1187 1848 ,utadpraolara
1194 1768 1259 1845 ejus
1268 1766 1376 1829 marita

223 1865 315 1926 etiam
340 1872 467 1943 nostra,
493 1885 556 1946 qua
586 1867 618 1929 in
643 1856 870 1946 ipsurn‘sumus
893 1865 1107 1928 benevolentiae
1137 1865 1215 1925 ratio
1239 1864 1374 1940 accedat,

224 1979 261 2022 ao
274 1960 405 2022 eundern
418 1962 524 2024 reddat
542 1970 574 2024 et
592 1952 677 2024 vobis
696 1968 727 2023 et
746 1980 799 2042 per
818 1980 872 2023 vos
894 1967 994 2048 vestro
1010 1959 1111 2022 futuro
1127 1959 1251 2022 antistiti
1273 1966 1376 2021 nostra

223 2078 316 2121 eausa
337 2060 681 2122 commendatissimum.
708 2058 795 2134 Quod
818 2053 878 2139 per
898 2061 1133 2136 atatem'agere
1158 2075 1220 2118 non
1244 2056 1373 2135 poterit,

223 2159 361 2238 pensabit
374 2159 558 2241 experientia
569 2188 582 2238 ,1
593 2160 745 2240 habetque
760 2167 905 2239 praterea
926 2159 1096 2237 adjutorem
1118 2176 1208 2219 suum
1232 2157 1374 2219 dilectum

222 2254 482 2332 lilinmAAbbatem
498 2256 703 2339 Augustinuna
719 2273 802 2336 eque
822 2254 977 2332 sedulum,
992 2254 1183 2334 diligentem,
1200 2259 1373 2332 expertum,

223 2351 378 2433 Nobisque
389 2358 547 2434 aooeptum
556 2353 723 2429 hominem,
736 2353 822 2430 cujus
835 2345 883 2413 ille
898 2351 1087 2414 utilissimam
1098 2352 1163 2413 lora
1176 2351 1224 2412 isti
1239 2351 1375 2413 Ecclesia

222 2470 347 2535 operam
361 2473 396 2516 ao
419 2454 565 2516 auxilium
581 2453 636 2515 sibi
655 2452 823 2536 pollioetur.
839 2454 971 2532 Uterque
983 2451 1073 2532 igitur¹
1084 2451 1242 2532 cupimus,
1256 2456 1289 2511 ut
1302 2469 1373 2512 eum

222 2546 347 2614 retineat
362 2553 441 2634 apud
456 2570 662 2614 successorem
673 2551 820 2631 gradum,
831 2550 862 2611 in
873 2568 938 2630 quo
948 2549 1065 2610 erat‘ab
1078 2547 1194 2629 optimo
1208 2547 1375 2628 praedeces-

221 2664 289 2708 sore
302 2648 493 2715 constitutus.
518 2648 552 2709 ld
575 2648 710 2728 prolecto
724 2647 816 2710 Nobis
836 2647 893 2708 erit
905 2644 1121 2726 gratissimum.
1144 2649 1272 2707 Demum
1288 2660 1374 2724 apos-

222 2741 344 2804 tolicam
359 2744 599 2806 benedictionem
615 2744 646 2806 in
667 2752 777 2806 uostrae
796 2730 929 2805 caritatis
949 2743 1058 2824 pignus
1071 2743 1172 2820 vobis,
1191 2741 1291 2803 dileoti
1302 2741 1372 2817 lilii,

224 2845 416 2915 peramanter
425 2838 627 2918 impertimur.
643 2841 756 2900 Datum
769 2840 883 2913 Romo,
896 2846 960 2903 etu-
980 2841 1029 2899 dle
1044 2851 1082 2900 28
1092 2838 1259 2900 menandris
1275 2849 1345 2897 1771
1360 2880 1371 2911 ,,

156 2927 157 2935 '
218 2938 411 3013 pontificatus
425 2933 519 2996 nostri
532 2954 611 2997 nano
624 2942 723 3010 tertio.
887 2923 889 2927 ¹
1249 2938 1252 2942 ’
1292 2940 1293 2944 ’

707 3043 889 3053 -υ--ι--α

674 3258 676 3262 ¹
710 3159 881 3250 clxxvi.

560 3327 691 3369 ultrano
713 3327 797 3370 mm
819 3329 928 3373 nonum
950 3322 1024 3375 vino
1092 3362 1094 3368 .

298 3507 302 3530 ὦ
363 3399 539 3501 ¹aaousro,
555 3434 729 3494 suasuro
744 3406 843 3495 ¹rum
865 3437 1224 3527 wruuunsuuouuu

544 3555 778 3654 CLEMENS
804 3558 932 3636 PAPA
951 3559 1044 3636 XIV

972 3711 1069 3769 Romae,
1083 3715 1106 3756 tl
1120 3709 1222 3770 junuarii
1240 3713 1305 3758 1772.

264 3798 402 3877 Dileote‚'
417 3816 475 3868 elo.
500 3809 646 3871 Maximas
658 3830 731 3872 sane
743 3811 957 3892 occupationes
971 3811 1104 3891 quotidie
1122 3813 1213 3874 nohis
1228 3813 1368 3889 afferunt,
1483 3829 1485 3834 ⁴

221 3901 369 3984 vanisque
384 3904 520 3968 animum
535 3915 672 3994 nostrum
685 3908 828 3972 dislment
850 3907 1120 3986 curisgrauissima
1138 3909 1241 3972 omnia
1259 3911 1369 3973 summi

221 3998 432 4078 pontificatus,
458 4021 550 4083 quem
571 4003 720 4083 gerimus,
743 3996 887 4081 munora3
910 4004 1014 4064 littera
1033 4011 1135 4066 tamen
1161 4013 1237 4080 tuae,
1260 4004 1368 4071 dileoto

222 4093 263 4153 tili
276 4095 385 4159 nobilis
401 4097 455 4174 uir,
479 4108 600 4162 tantum
616 4102 717 4177 abest,
733 4110 767 4167 ut
785 4095 898 4163 ideirco
915 4103 1050 4164 molesta
1064 4103 1159 4182 Nobis
1176 4121 1241 4164 osse
1255 4102 1369 4184 possint

223 4194 256 4249 ut
269 4191 360 4252 etiam
374 4213 426 4255 eas
444 4194 523 4276 ipsas
547 4184 748 4260 solicitudiues
768 4201 866 4270 levent
882 4199 1109 4278 quodammodo
1127 4218 1162 4261 ac
1176 4207 1327 4284 recreent,
1339 4186 1369 4263 et

220 4292 380 4365 paternum
399 4308 453 4351 oor
471 4281 608 4354 nostrum
632 4283 774 4374 singulari
802 4295 935 4375 quadarn
956 4295 1148 4373 'jucunditate
1173 4296 1364 4375 perfundant.

217 4389 313 4457 Quom
328 4384 408 4446 enim
420 4381 524 4449 intima
538 4388 662 4452 caritate
674 4390 836 4470 diligimus,
852 4391 938 4470 eujus
956 4392 1083 4454 salutem
1096 4391 1236 4454 omnibus
1250 4393 1367 4474 expeli-

219 4500 316 4542 musa
336 4484 654 4564 [leovotismumdem
672 4489 766 4567 magis
785 4489 890 4552 indies
910 4490 1276 4572 virtutisviaprocedere,
1295 4493 1365 4554 ueli-
1448 4541 1449 4544 ,
1551 4537 1554 4542 -
