3188 5414
473 498 656 552 EPISTOLAE
672 499 718 551 ET
737 498 869 552 uuavm
887 498 1117 553 SELECTlORA.
1231 530 1232 533 ¹
1312 507 1366 557 259

221 603 296 664 'vita'
321 604 437 662 aeternae
460 602 566 662 se'mita
592 602 792 662 consectanda
819 601 928 662 ducem
954 621 988 662 ac
1019 602 1195 681 magistrum
1220 603 1365 666 futurum.

223 697 351 759 Proinde
374 697 432 757 hoc
456 698 619 778 apostolico
644 716 768 760 munere
788 698 843 759 rite
867 693 1029 778 satagendo
1057 699 1140 760 vides
1164 700 1368 764 beatissimam

224 795 459 873 immortalitatis
477 796 543 856 vitu
561 796 616 857 tibi
633 796 803 858 mercedem
821 796 1040 877 expectandam
1055 803 1107 857 aut
1127 796 1178 858 illo
1191 798 1367 878 negligendo

222 892 420 972 sempiternos
442 894 541 954 luctus
555 912 591 955 ac
605 893 728 955 'dolores
748 893 871 954 omnino
893 893 1099 954 incurrendae.
1115 895 1212 967 Quare
1231 892 1305 955 dum
1319 895 1369 955 di-

223 990 296 1051 vina
310 990 411 1069 gratia
424 989 570 1052 beneficio
593 990 801 1070 opportunitas
815 988 869 1050 tibi
884 989 1017 1069 suppetit
1034 989 1124 1067 hujus
1137 988 1261 1050 maximi
1275 991 1367 1070 etqui

222 1086 313 1146 unice
327 1085 408 1146 adte
421 1086 565 1166 pertinet,
579 1086 739 1166 peragendi
762 1085 884 1163 negotii,
908 1103 975 1164 age,
999 1084 1182 1145 Venerabilis
1196 1087 1312 1163 Frater,
1336 1095 1368 1146 et

225 1181 264 1242 ad
276 1182 459 1263 reparandus
471 1184 573 1244 ovium
584 1191 707 1243 tuarum
722 1183 944 1259 aberrationes,
957 1189 987 1242 et
1001 1181 1038 1241 ad
1056 1181 1121 1242 illas
1134 1182 1164 1242 in
1177 1183 1316 1244 Ecclesiae
1332 1202 1368 1244 ac

223 1277 293 1339 fidei
314 1281 434 1361 pascuis
451 1281 624 1342 retinendas
634 1288 690 1341 tua
703 1280 846 1360 pastorali
865 1279 1064 1341 sollicitudine
1076 1287 1183 1368 presto
1195 1299 1260 1342 esse
1277 1281 1365 1358 velis,

224 1383 292 1437 tuos
301 1378 332 1438 in
344 1379 509 1459 apostolico
523 1378 623 1440 officio
633 1380 787 1459 operarios
798 1399 834 1441 ac
846 1379 998 1441 ministros
1010 1379 1248 1459 presidio'atuue
1262 1398 1367 1440 exem-

222 1477 273 1555 plo
289 1484 342 1539 tuo
357 1478 466 1555 adiuva
475 1526 483 1557 ,
494 1480 641 1560 populum
657 1497 749 1558 opera
767 1487 819 1540 tua
833 1480 864 1540 in
881 1479 1031 1558 religionis
1050 1478 1220 1558 cognitione
1233 1478 1365 1555 institue,

222 1583 314 1654 atque
333 1577 372 1638 ad
385 1577 503 1657 pietatis
517 1577 652 1639 studium
667 1577 774 1639 excita.
790 1580 846 1652 Qui
863 1584 993 1658 etquam
1002 1577 1136 1657 praeclari
1145 1596 1180 1639 ex
1193 1577 1366 1655 hujusmodi

222 1673 327 1735 labore
348 1675 464 1737 fructus
475 1681 506 1736 te
516 1682 659 1737 maneant
672 1676 771 1757 cogita
778 1701 788 1753 3
804 1676 883 1738 leves
892 1676 973 1738 enim
987 1694 1093 1738 omnes
1107 1683 1268 1756 propterea
1288 1677 1367 1737 inita

218 1792 302 1836 'curae
314 1775 406 1836 videri
425 1775 478 1836 tibi
498 1783 660 1856 poterunt,
674 1794 745 1838 cum
759 1775 913 1836 intuebere
926 1775 1125 1854 peramplam
1139 1773 1368 1835 retributionem

222 1892 241 1933 a
259 1878 417 1952 pastorum
431 1873 567 1952 Principe
582 1873 774 1934 observatum
791 1888 911 1951 gregem
928 1871 960 1930 in
973 1869 1163 1931 villicationis
1174 1875 1231 1929 tue
1251 1868 1367 1929 ratione

219 1969 379 2031 ‘reddenda
396 1961 609 2050 recipiendam.
630 1973 726 2031 Deum
737 1972 771 2031 0.
788 1971 828 2030 Μ.
843 1986 1004 2048 precamur
1018 1976 1052 2030 ut
1071 1987 1177 2049 parem
1197 1969 1366 2031 necessitati

223 2065 277 2126 tibi
289 2067 458 2128 animarum
472 2068 578 2128 salutis
589 2066 729 2128 ardorem
743 2066 873 2144 injiciat,
889 2073 920 2127 et
936 2072 1084 2146 quantum
1096 2066 1244 2127 hactenus
1256 2083 1366 2127 muero-

224 2162 271 2222 ris
284 2183 322 2224 ex
335 2164 395 2225 situ
406 2165 599 2244 acsquallcre
608 2169 666 2224 tua
671 2163 761 2244 Cypri
772 2163 911 2224 Ecclesiae
918 2162 1063 2243 cepimus,
1074 2168 1193 2223 tantum
1202 2161 1320 2239 laetitia,
1332 2181 1367 2223 ac

186 2308 188 2313 .
226 2261 423 2338 jucunditatis
441 2279 478 2322 ex
499 2261 642 2342 pastorali
664 2267 719 2321 tua
736 2261 767 2321 in
791 2279 862 2339 agro
884 2259 1002 2321 Domini
1027 2258 1191 2329 excolendo
1215 2259 1368 2338 insumpta

222 2377 315 2438 opera
328 2358 495 2438 capiamus.
514 2359 580 2432 Quo
593 2346 696 2436 magis
704 2364 771 2418 rata
779 2354 926 2436 firmaque
940 2356 999 2417 sint
1011 2356 1074 2416 bac
1087 2362 1189 2417 nostra
1202 2355 1367 2417 coelestium

222 2454 375 2516 donorum
388 2455 544 2535 ‘auspicem
558 2461 587 2516 et
597 2461 705 2516 nostre
715 2454 928 2516 benevolentiae
938 2455 1047 2535 pignus
1068 2455 1263 2534 apostolicam
1278 2454 1367 2516 bene
1432 2471 1435 2476 ·

223 2551 388 2613 dictionem
401 2551 469 2627 tibi,
482 2551 668 2614 Venerabilis
677 2554 791 2626 Frater,
807 2559 920 2632 tuoque
931 2552 1069 2614 universo
1083 2553 1196 2633 populo
1207 2571 1366 2633 peraman-

223 2654 270 2708 ter
286 2649 487 2728 impertimur.
508 2651 620 2711 Datam
635 2651 736 2710 Romae
749 2652 830 2729 opud
850 2652 996 2711 Sanctum
1013 2653 1143 2710 Mariam
1158 2653 1302 2728 Majorem
1314 2653 1366 2712 sub

222 2749 346 2808 Annulo
367 2751 546 2817 Piscatoris,
569 2749 618 2808 die
643 2760 675 2808 11
701 2754 822 2826 augusti
845 2759 936 2824 1773,
955 2751 1147 2827 pontificatus
1172 2755 1366 2840 castriduno

222 2848 336 2921 quinto.
854 2868 857 2875 ¹
1190 2858 1194 2865 ’

703 2941 886 2955 ——n—

709 3065 878 3136 CCXXIX.

528 3209 761 3321 caeneus
788 3219 915 3293 earn
944 3217 1049 3293 xiv.
1161 3266 1166 3276 .

457 3366 515 3424 AD
536 3365 755 3427 FUTURAM
775 3367 1126 3428 REIMEMORIAM.
1195 3446 1196 3451 η
1290 3442 1292 3448 .

974 3503 1067 3558 Romae,
1083 3506 1110 3550 ta
1123 3499 1216 3562 augusti
1234 3503 1303 3549 1773.

259 3603 446 3665 Gravissimis
465 3622 502 3664 ex
516 3605 616 3666 causis
634 3623 730 3685 nuper
744 3607 805 3665 Nos
825 3623 879 3685 per
894 3605 967 3665 alias
980 3610 1098 3666 nostras
1120 3604 1151 3665 in
1165 3604 1253 3666 simili
1269 3603 1366 3664 torma

219 3700 320 3763 Brevis
336 3698 384 3760 die
405 3718 463 3760 xxi
478 3700 637 3779 superioris
656 3703 768 3763 mensis
786 3702 857 3762 tulii
875 3701 1028 3782 expeditas
1047 3701 1165 3779 literas,
1186 3701 1366 3763 Societatem
1427 3692 1429 3698 ’
1474 3689 1476 3693 ’

218 3797 289 3856 lesu
306 3795 486 3872 extinctam,
502 3802 591 3875 atque
608 3815 799 3878 suppressam
816 3797 1019 3874 decrevimus,
1033 3805 1064 3858 et
1081 3797 1298 3860 declaravimus
1307 3843 1315 3874 ,
1331 3817 1367 3859 ac

219 3891 308 3968 alias,
328 3899 418 3972 prout
440 3892 469 3952 in
493 3891 606 3954 eisdem
620 3895 730 3956 nostris
750 3894 863 3972 literis,
883 3914 1013 3976 quarum
1036 3902 1155 3957 tenores
1171 3894 1366 3976 praesentibus

218 4008 274 4069 pro
288 3990 391 4070 plene,
406 3998 436 4052 et
446 3990 628 4052 sufficienter
641 3994 787 4074 expressis
801 3994 907 4055 baberi
922 3994 1077 4069 volumus,
1094 3993 1217 4055 uberius
1228 3991 1367 4054 contine-

220 4098 280 4149 tur.
297 4091 407 4152 Accitis
418 4090 613 4172 postmodum
626 4091 674 4152 die
685 4112 719 4151 vr
734 4094 881 4154 currentis
893 4093 1005 4153 mensis
1018 4092 1146 4171 Augusti
1165 4090 1280 4152 dilectis
1298 4091 1366 4153 filiis
1397 4118 1399 4121 ·
1450 4174 1451 4177 ¹

220 4187 312 4247 nostri
325 4190 355 4248 S.
371 4191 408 4249 R.
425 4191 459 4248 E.
474 4189 657 4268 Presbyteris
676 4190 881 4251 Cardinalibus
896 4189 1016 4251 Andrea
1027 4191 1058 4251 S.
1074 4186 1204 4250 Matthaei
1218 4186 1249 4248 in
1260 4189 1367 4251 :Meru-
1445 4235 1450 4240 -

218 4286 288 4346 lana
306 4287 440 4363 Corsico,
455 4288 551 4348 llario
566 4289 597 4348 S.
613 4288 770 4367 Augustini
786 4288 970 4360 ltlarelusco,
986 4285 1146 4348 Francisco
1158 4286 1189 4370 Ss
1208 4285 1366 4348 Clementis

217 4383 339 4460 Carula,
358 4392 388 4444 et
401 4385 561 4447 Fraueisco
577 4387 705 4447 Xaverio
723 4387 774 4446 SS.
791 4385 922 4446 Silvestri
936 4430 944 4461 ,
958 4390 988 4445 et
1010 4383 1128 4446 Martini
1143 4383 1180 4444 ad
1198 4384 1314 4446 Montes
1328 4383 1365 4444 de
1461 4456 1464 4463 Ι

216 4481 325 4541 Zelada
339 4482 501 4562 respective
521 4484 719 4563 nuncupatis,
731 4501 766 4543 uc
778 4483 887 4543 dilecto
902 4501 1022 4562 qnoque
1033 4481 1106 4542 tilio·
1117 4489 1225 4543 nostro
1234 4483 1365 4544 Antonio

1216 4594 1257 4642 17.
