3188 5414
478 483 658 539 arrsrone
677 487 722 540 ar
742 487 875 542 aarum
892 488 1126 545 subruamur.
1323 467 1372 546 ior

228 585 452 664 descendimus,
468 589 645 650 auctoritate
664 598 765 652 nostra
776 593 951 672 Apostolica
964 588 1128 655 denuncias
1146 612 1182 654 ac
1195 589 1305 655 edicas.
1321 596 1376 656 lle-
1494 670 1497 677 ,

228 687 379 746 tineantur
393 703 517 766 nempe,
533 700 569 747 ac
587 687 779 750 celebrentur
800 688 897 752 lestivi
917 690 980 752 dies
996 689 1234 752 Resurrectionis
1247 708 1317 750 cunr
1331 710 1376 752 se-

227 783 347 862 quenti,
361 789 391 843 et
411 785 602 844 Pentecostes
624 784 697 846 item
713 804 784 847 cum
803 788 955 867 sequenti,
978 787 1088 868 aliique
1108 807 1162 868 per
1182 805 1295 848 annum
1312 787 1375 849 dies
1435 794 1443 814 '

227 881 389 957 Dominici,
402 899 459 942 nec
475 898 537 942 non
552 882 721 944 Nativitatis
735 884 855 945 Domini
869 885 969 948 Nostri
981 889 1053 948 lesu
1067 885 1194 962 Christi,
1210 884 1376 946 Circumci-

226 978 327 1055 sionh,
340 978 529 1060 Epiphaniae,
541 979 731 1050 Ascensionis
742 986 772 1042 et
781 982 920 1062 Corporis
932 983 1051 1060 Christi,
1063 990 1128 1044 tum
1140 984 1273 1064 quinque
1284 978 1374 1046 dicati

225 1077 325 1136 Beate
336 1075 436 1136 Marie
448 1076 578 1156 Virgini,
589 1076 702 1138 scilicet
713 1078 943 1156 Purificationis,
958 1081 1218 1161 Annunciationis,
1233 1083 1375 1162 Assump-

225 1173 335 1251 tionis,
349 1173 518 1235 Nativitatis
529 1180 559 1234 et
569 1174 795 1255 Conceptionis;
811 1183 957 1257 preterea
971 1177 1155 1240 retineantur
1165 1177 1240 1240 lesta
1252 1185 1375 1241 sancto-

217 1290 293 1342 ,rum
312 1273 527 1353 Apostolorum
543 1273 622 1334 Petri
637 1279 667 1334 et
680 1274 784 1352 Pauli,
797 1275 934 1337 omniurn
954 1277 1154 1355 Sanctorum,
1178 1277 1208 1339 S.
1231 1278 1374 1358 Stephani

226 1370 457 1452 Protomartyris
464 1418 474 1448 ,
491 1377 522 1432 et
536 1373 623 1434 unius
640 1378 759 1434 tantum
771 1374 992 1455 principalioris
1009 1376 1147 1452 Patroni3
1161 1375 1252 1438 sedai
1265 1376 1373 1437 alicubi

224 1469 326 1548 plures
339 1471 487 1532 Patmnos
504 1490 589 1552 eque
607 1471 788 1553 principales
800 1472 904 1534 heberi
917 1455 1089 1552 contigerit,
1109 1473 1265 1554 diligenter
1279 1474 1375 1554 inqui-

224 1585 288 1643 ras,
304 1585 427 1628 necesse
443 1573 502 1646 est,
518 1551 705 1631 Venerabilis
727 1571 843 1648 Frater,
858 1571 982 1651 quinam
995 1590 1032 1632 ex
1045 1565 1133 1633 dictis
1151 1571 1374 1652 principaliori-

224 1663 281 1725 bus
295 1664 432 1726 Patronis
442 1653 591 1746 potiorem
603 1667 723 1750 cultum
733 1686 769 1728 ac
781 1669 1007 1730 venerationem
1025 1669 1056 1729 in
1073 1687 1109 1730 ea
1123 1669 1169 1730 vel
1179 1668 1315 1746 civitate,
1326 1670 1374 1731 vel

224 1762 355 1841 oppido,
374 1763 421 1824 vel
443 1781 522 1843 pago
540 1763 667 1841 habeat,
683 1769 713 1825 et
726 1764 758 1825 in
772 1766 837 1843 ejus
851 1772 970 1842 tautum
991 1767 1113 1847 propria
1126 1766 1175 1828 die
1192 1766 1373 1828 Festivitatis

223 1863 410 1938 praeceptum
426 1858 572 1938 designes.
590 1862 624 1920 ln
638 1859 686 1920 his
701 1860 790 1939 igitur
810 1861 950 1924 omnibus
968 1862 1051 1937 lestis
1074 1862 1181 1923 diebus
1202 1882 1258 1944 pro
1281 1864 1372 1925 veteri

224 1955 366 2016 Feclesiae
380 1954 540 2017 Catholicae
553 1957 689 2018 instituto
707 1957 814 2019 Christi
828 1958 932 2020 fideles
945 1960 1038 2020 sacris
1053 1959 1202 2036 adesse,a
1218 1957 1373 2020 servilibus

223 2051 366 2132 operibus
378 2051 526 2114 abstinere
535 2058 566 2114 ct
574 2054 735 2132 jejunium,
748 2055 778 2115 in
790 2055 954 2117 eorundem
966 2055 1091 2136 Vigiliis,
1104 2056 1214 2135 quibus
1223 2055 1371 2116 adnexum

223 2149 263 2210 sit
276 2149 435 2211 observare
449 2149 580 2211 debeant
599 2169 635 2212 ac
648 2156 816 2213 teneantur.
833 2153 868 2212 ln
883 2151 1005 2231 reliquis
1020 2170 1093 2212 vero
1107 2150 1188 2212 lestis
1200 2168 1261 2212 non
1274 2152 1373 2212 solum

222 2247 389 2310 laboriosas
412 2248 522 2310 artium
545 2249 772 2312 exercitationes
795 2256 825 2312 et
848 2249 967 2312 servilia
988 2269 1096 2330 opera,
1117 2248 1373 2331 quemadmodum

222 2346 400 2408 Benedictus
409 2349 475 2409 XIV
488 2357 693 2426 concesserat,
707 2349 909 2430 permittimus
922 2356 953 2410 et
965 2346 1154 2427 indulgemus
1161 2369 1169 2423 3
1186 2345 1240 2407 sed
1251 2344 1372 2427 insuper

220 2443 342 2516 eosdem
353 2444 460 2507 Christi
471 2445 575 2507 fideles
589 2465 809 2527 aquarumque
829 2446 942 2526 Vigilie
955 2465 1008 2508 seu
1018 2445 1129 2526 jejuniiv
1138 2443 1245 2506 diebus
1256 2462 1372 2524 prece-

219 2539 375 2619 dentibus,
396 2542 561 2616 dummodo
583 2544 703 2606 aliunde
723 2545 768 2606 vel
795 2545 911 2608 ratione
930 2543 1168 2623 Quadragesime
1190 2542 1236 2604 vel
1254 2541 1371 2603 ratione

221 2647 350 2718 quatuor
364 2647 537 2721 temporum
549 2660 610 2704 non
621 2642 824 2723 precipiatur,
839 2649 870 2704 et
882 2641 1021 2704 audiendi
1035 2642 1158 2704 Missam
1177 2640 1207 2700 in
1220 2638 1371 2719 predictis
1466 2656 1470 2663 ·

221 2735 304 2796 festis
317 2736 498 2816 obligatione
510 2737 692 2798 absolvimus
705 2744 736 2797 et
751 2737 926 2798 liberamus„
943 2735 1001 2797 Sed
1017 2735 1160 2816 quoniam
1174 2735 1248 2795 dum
1266 2737 1371 2815 Popu-

221 2832 319 2892 lorum
333 2833 521 2894 conscientie
530 2833 732 2908 consulimus,
745 2840 907 2909 eteorum,
918 2833 970 2912 qui
982 2833 1012 2892 in
1026 2832 1134 2892 sudore
1149 2831 1249 2907 vultus
1262 2831 1307 2890 sui
1320 2850 1371 2910 pa-

221 2946 291 2988 nem
309 2929 485 3004 comedunt,
509 2929 675 3008 indigentie
696 2929 905 3009 providemus,
926 2931 1106 2990 Sanctorum
1131 2927 1369 3003 venerationem,

221 3033 252 3085 et
264 3025 426 3087 salutarem
439 3025 547 3104 Christi
561 3025 696 3088 fidelium
711 3025 917 3106 poenitentiam
929 3024 1081 3102 minuere,
1095 3041 1156 3085 non
1169 3010 1355 3084 intendimus
1360 3049 1369 3099 3

220 3122 289 3183 ideo
301 3124 483 3184 Sanctorum
497 3119 889 3189 acSolemnitatumolfrcia
909 3127 939 3182 et
950 3120 1056 3182 Missas
1074 3128 1138 3181 tarn
1152 3119 1182 3180 in
1197 3119 1302 3180 iisdem
1314 3119 1371 3180 ab-

219 3222 331 3302 rogatis
342 3221 438 3298 lestis,
459 3237 552 3300 quarn
571 3220 601 3281 in
615 3238 720 3282 eorum
734 3218 841 3298 vigiliis
855 3218 994 3295 retineri,
1014 3223 1044 3279 et
1062 3217 1139 3280 sicut
1152 3200 1236 3297 prius
1254 3217 1284 3278 in
1297 3236 1370 3298 qua-

218 3338 349 3400 cumque
362 3317 494 3380 Ecclesia
514 3312 658 3379 celehrari
670 3314 864 3391 mandamus‚·
879 3333 999 3379 sacrum
1018 3312 1089 3378 vero
1102 3312 1268 3395 jejunium,
1288 3317 1369 3396 quod
1398 3348 1401 3356 ·

220 3412 251 3477 in
261 3417 409 3497 predictis
426 3412 533 3497 vigiliis
544 3413 723 3490 habebatur,
738 3414 775 3477 ad
788 3421 911 3497 quartas
931 3422 962 3477 et
984 3422 1085 3477 sextas
1103 3413 1193 3476 serias
1213 3415 1369 3477 Adventus

219 3514 476 3593 transferendum,
495 3514 665 3594 ibidemque
685 3513 865 3575 servandum
878 3513 1024 3575 edicimus
1039 3520 1070 3574 et
1087 3506 1307 3574 constituimus.
1329 3513 1369 3573 Ut

219 3616 394 3671 autemnon
408 3611 505 3672 solum
519 3610 618 3671 clerici
631 3617 661 3672 et
674 3609 780 3670 divites
793 3608 930 3671 homines
945 3608 1111 3685 seculareS,
1127 3609 1178 3689 qui
1194 3609 1285 3671 etiam
1300 3608 1369 3669 die-

219 3709 276 3770 bus
291 3707 479 3771 nonlestivis
489 3713 686 3770 sacrosancte
696 3707 791 3770 Misse
802 3705 965 3783 sacrificio,
978 3725 1013 3766 ac
1024 3705 1131 3767 divinis
1150 3705 1273 3782 officiis,
1286 3704 1368 3784 quod
1451 3709 1453 3714 ’

219 3807 409 3869 vehementer
429 3806 568 3887 cupimus
579 3805 682 3869 adesse
692 3813 834 3888 possunt3
848 3806 900 3868 sed
911 3807 1003 3868 etiam
1015 3807 1033 3867 ii
1044 3851 1053 3882 ,
1065 3806 1117 3886 qui
1129 3794 1247 3868 rusticis
1256 3804 1367 3866 detenti

218 3905 372 3967 laboribus
385 3903 527 3967 eeclesias
539 3903 645 3965 diebus
658 3909 777 3965 tanturn
790 3903 873 3966 festis
894 3901 1022 3979 adeunt,
1042 3909 1215 3964 sanctorum
1233 3903 1368 3982 Aposto-

219 4003 319 4062 lorum
338 4019 374 4063 ac
394 4002 578 4081 Martyrum,
599 4016 728 4078 quorum
750 3993 955 4060 solemnitates
981 3993 1117 4079 superius
1139 3997 1365 4076 abrogavimus,

219 4098 397 4160 memoriam
412 4104 546 4176 servent,
572 4115 608 4158 ac
625 4105 815 4176 venerentur,
837 4099 975 4178 volumus
994 4117 1030 4159 ac
1047 4084 1249 4178 precipimus,
1267 4100 1300 4155 ut
1319 4093 1367 4156 die

221 4205 258 4254 29
269 4195 346 4272 junii
370 4195 650 4276 ultraprecipuam
666 4197 761 4258 sancti
782 4198 860 4258 Petri
875 4202 906 4257 et
919 4195 1004 4258 Pauli
1016 4195 1252 4270 solemnitatem,
1274 4192 1366 4254 etiam
1452 4193 1455 4202 “

220 4292 348 4353 aliorum
361 4294 592 4375 Apostolorum,
612 4300 642 4356 et
656 4293 704 4356 die
729 4305 765 4356 26
786 4294 953 4356 decembris
972 4294 1050 4355 ultra
1071 4290 1256 4373 precipuum
1272 4289 1386 4351 sancti-

219 4389 373 4468 Stephani·
396 4388 506 4452 festum
535 4391 640 4452 etiam,
655 4391 783 4452 aliorum
810 4392 990 4452 Sanctorum
1024 4386 1190 4469 Martyrum
1218 4383 1385 4448 memoria*

217 4485 396 4548 celebretur.
419 4489 516 4561 Quare
538 4487 586 4549 die
609 4499 645 4550 29
657 4487 751 4567 junir,
769 4487 799 4548 in
821 4484 997 4550 calendariis
1021 4483 1227 4548 ecclesiasticis
1249 4484 1291 4544 ita
1304 4482 1366 4543 fes-

1225 4595 1255 4647 ll
