3188 5414
322 501 356 551 22
751 493 957 550 obtutuum
972 493 1037 549 xlv
1060 501 1063 508 '
1081 508 1085 519 ’

322 601 476 662 Sidensem
499 600 537 661 ad
555 600 724 661 nobilitates
746 607 859 661 vestras
882 598 1047 669 mittimus,
1071 606 1104 658 ut
1125 598 1206 679 apud
1220 599 1354 660 inclitam
1378 601 1473 663 istam

320 698 539 779 rempublicam
550 697 644 759 nostri
660 703 690 758 et
706 697 877 778 apostolicae
888 694 967 757 sedis
978 695 1120 756 ordinarii
1135 696 1230 757 nuntii
1243 697 1332 758 obeat
1344 715 1470 760 munus.

320 797 426 858 Virum
440 796 660 878 spectatissimo
675 813 801 874 genere,
815 803 846 857 et
859 795 940 877 ipsa,
954 813 1047 876 quam
1058 793 1151 873 gerit,
1162 811 1291 876 persona
1309 815 1473 858 commcn-

320 895 436 974 datum,
444 902 588 977 praetema
598 895 711 976 pietate
718 913 897 976 morumque
906 895 1075 976 integritate
1081 895 1471 976 ,rerumquegerendarum

319 994 478 1072 prudentia
487 995 646 1075 praeditum
657 1013 720 1056 nou
732 1002 776 1057 est
787 1014 841 1057 eur
851 995 986 1076 longiore
997 1013 1138 1058 sermone
1144 995 1251 1057 vestris
1261 993 1472 1055 nobilitatibus

319 1189 398 1252 tram
409 1189 495 1252 facile
507 1191 565 1252 sibi
578 1192 743 1271 devinciet,
755 1200 913 1273 vestraque
923 1211 994 1273 erga
1007 1192 1068 1253 Nos
1080 1190 1188 1271 pietus,
1201 1208 1236 1250 ac
1252 1189 1469 1267 vetustissima,

318 1305 379 1365 que
393 1287 423 1348 in
439 1286 589 1349 catholica
603 1288 730 1350 ecclesia
742 1289 807 1368 jam
825 1288 1004 1351 inclaruistis
1016 1305 1086 1368 erga
1102 1287 1181 1347 hanc
1193 1304 1310 1348 sacram
1330 1288 1365 1347 B.
1388 1287 1471 1349 Petri

318 1384 420 1445 sedem
436 1385 626 1447 observantia
639 1392 747 1466 sponte
761 1404 815 1448 sua
825 1385 941 1448 bomini
956 1384 1061 1447 faverit
1082 1384 1113 1445 in
1130 1384 1165 1445 iis
1178 1384 1345 1464 prasertim
1359 1383 1468 1462 rebus,

317 1500 385 1561 quae
397 1481 435 1542 ad
448 1481 500 1543 Dei
518 1481 667 1543 honorem
679 1489 710 1544 et
719 1483 846 1562 gloriam
860 1482 1089 1562 animarumque
1103 1483 1231 1543 sulutem
1245 1480 1378 1543 maxime
1395 1500 1472 1562 per-

318 1579 425 1639 tinent.
439 1579 484 1639 llli
495 1582 608 1656 autem,
618 1596 712 1659 quam
720 1579 813 1641 Nobis
824 1579 896 1660 ipsis
905 1595 1010 1641 coram
1020 1578 1184 1657 haberetis,
1194 1579 1328 1659 petimus
1338 1596 1356 1640 a
1368 1580 1471 1658 vobis,

318 1676 417 1737 dilecti
434 1675 486 1736 tilii
494 1721 503 1754 ,
517 1677 634 1739 nobiles
652 1675 707 1738 viri
716 1723 726 1755 ‚
739 1676 877 1739 eamdem
887 1684 921 1739 ιιι
935 1678 1025 1740 tidem
1042 1676 1210 1739 adhibeatis
1216 1701 1225 1755 3
1241 1677 1387 1758 vobisque
1397 1696 1472 1739 crn-

318 1773 418 1851 nibus,
435 1778 468 1834 et
480 1772 624 1836 universae
635 1780 741 1837 vestrae
751 1773 925 1856 reipublicae
934 1818 942 1853 ‚
959 1793 1052 1856 quum
1066 1775 1097 1837 in
1109 1782 1241 1856 paternae
1253 1777 1389 1839 caritatis
1399 1794 1473 1838 nos-

318 1878 372 1934 trae
379 1873 511 1952 gerimus
520 1872 600 1952 sinu,
609 1875 807 1956 apostolicam
813 1875 1054 1937 benedictionem
1062 1881 1255 1955 peramanter
1264 1875 1470 1955 impertimur.

318 1973 431 2035 Datum
444 1973 555 2044 Romu,
572 1980 641 2044 eta,
659 1984 696 2034 ιιι
710 1977 832 2052 eeqosu
847 1983 937 2051 true,
947 1975 1138 2052 pontificatus
1149 1977 1246 2034 nestri
1262 1991 1344 2034 auno
1355 1977 1470 2052 prime.

802 2104 983 2117 *-

833 2198 954 2268 XXVI.
1048 2187 1051 2191 ’

629 2368 632 2375 .
666 2356 813 2399 ιιιιιιιιι
834 2356 872 2397 ιο
895 2355 1121 2401 ιοιιιιιιιιιιιο

497 2461 769 2536 “HERAGLIO,
796 2462 1002 2524 PRINCIPI
1028 2462 1257 2532 GE‘ORGlAE‚

622 2586 863 2666 ‚CLEMENS
891 2577 1018 2674 PAPA
1047 2584 1156 2672 xlv..

1052 2740 1143 2796 Roma,
1156 2743 1187 2786 ta
1198 2737 1291 2799 augusti
1309 2704 1376 2787 liet.

358 2845 496 2905 ltnstru
516 2854 553 2905 ιιι
569 2849 777 2922 potentiorum
785 2851 928 2925 princeps
941 2849 1073 2908 calmem
1093 2848 1122 2905 et
1138 2847 1240 2906 tamen
1263 2845 1377 2905 divinoe
1395 2864 1476 2924 pra-

274 2940 276 2946 '
318 2944 386 3016 tiu,
397 2947 454 3003 ete.
473 2941 656 3022 uagnopere
674 2941 768 3005 Nobis
783 2948 909 3054 gratum
922 2941 1074 3005 acciditin
1093 2941 1153 3004 boo
1164 2940 1259 3004 nostri
1275 2940 1474 3021 pontificatus

297 3039 442 3100 exordio
455 3047 563 3102 nactos
581 3041 643 3102 Nos
662 3056 727 3102 esse
747 3017 1007 3121 opportunitatem
1023 3039 1198 3102 eelsitudini
1221 3045 1281 3100 tuae
1301 3039 1474 3120 scribendi,

318 3136 405 3212 cujus
426 3137 562 3214 generosi
583 3152 619 3198 ao
638 3137 809 3216 praestantis
828 3136 923 3196 animi
940 3135 1047 3196 laudas
1068 3137 1249 3196 Nostrorum
1269 3134 1412 3197 virorum
1424 3137 1476 3201 lit-

318 3232 406 3309 teris,
420 3250 455 3293 ae
466 3233 533 3312 ipta
544 3233 637 3294 etiam
650 3232 732 3292 fama
750 3238 781 3292 et
791 3247 914 3292 rumore
925 3229 1045 3292 assirim
1064 3230 1102 3291 ad
1119 3231 1182 3291 Nos
1194 3228 1397 3310 perferuntur.
1408 3236 1477 3298 Pri-

295 3344 404 3407 ,mum
417 3329 508 3409 igitur
519 3330 574 3390 tibi
586 3327 727 3391 maximae
744 3333 846 3389 sunta
856 3327 966 3405 Nobis,
978 3335 1061 3389 ιιιιιι
1078 3327 1179 3390 animo
1190 3321 1332 3405 iacimus,
1347 3333 1477 3409 agendae

318 3429 441 3507 gratrae,
445 3428 528 3508 quod
537 3427 677 3490 homines
686 3443 738 3507 qur
750 3442 781 3487 ιιι
791 3425 1065 3488 eademnobrscum
1076 3424 1147 3487 tider
1156 3425 1370 3505 conjunctione
1381 3439 1468 3510 sunt

317 3528 487 3608 Nobisq'ue
501 3514 680 3608 obsequium
703 3543 739 3586 ac
758 3524 964 3589 obedientiam
984 3530 1147 3608 prusiam,
1176 3530 1237 3587 tua
1261 3524 1472 3610 benignitatis,

314 3626 404 3708 cnoel
411 3625 580 3708 plurimun
594 3620 835 3702 commendaris,
852 3623 973 3704 gratia
957 3641 1051 3704 Jnres
1066 3640 1103 3686 ao
1114 3627 1266 3704 protegas
1285 3624 1399 3688 Dunde
1411 3627 1473 3691 boc

319 3730 385 3809 ipsa
403 3734 456 3790 tua
480 3725 572 3788 amnti
598 3722 838 3786 nobilitatctreti
856 3723 984 3787 tidenter
1006 3740 1024 3785 a
1044 3727 1075 3784 te
1098 3722 1255 3803 petimus,
1271 3729 1360 3803 teque
1378 3724 1474 3790 etiam

319 3828 409 3938 atque
422 3826 515 3914 etiam
527 3842 680 3904 rogamus,
695 3830 730 3885 ut
738 3868 747 3901 ,
762 3822 857 3903 quiin
870 3829 925 3884 tua
939 3822 1071 3884 dictione
1085 3827 1155 3882 sunt
1168 3820 1327 3898 catholici,
1342 3841 1377 3883 ac
1389 3841 1474 3903 prae-

320 3926 425 3989 sertim
439 3923 600 4006 cappucini
626 3928 679 4003 pat
679 3941 745 4001 res,
769 3919 821 4002 qui
842 3919 944 3985 isthic
946 3917 1104 4000 religionis
1124 3937 1196 3998 erga
1219 3925 1395 3992 versantur,
1417 3927 1473 3984 tuo

319 4022 503 4105 praesidinm
515 4026 674 4102 posterum
688 4020 726 4083 ab
741 4018 963 4100 adversantium
977 4016 1202 4101 oppugnatione
1217 4022 1334 4095 tegere,
1349 4023 1471 4081 aotueii

319 4141 376 4201 pro
387 4123 431 4185 tui
444 4121 537 4186 animi
548 4120 663 4218 magnit
651 4119 754 4199 tudine
763 4106 847 4180 velis
863 4108 907 4178 llli
922 4114 1045 4207 quidem
1051 4112 1127 4177 nibil
1141 4114 1283 4176 adversus
1296 4117 1472 4198 quempiam

320 4221 486 4284 moliuntur
500 4219 584 4299 mali,
592 4210 739 4281 virtutem
751 4201 871 4294 colunt‚‘
884 4212 939 4278 Dei
951 4219 1101 4297 praecepta
1112 4208 1270 4293 legemque
1291 4224 1471 4294 promovent

320 4318 488 4381 caritatem
499 4337 606 4383 omnes
624 4316 805 4396 alliciantur,
825 4310 956 4428 publicae
964 4315 1086 4396 paciao
1106 4312 1305 4392 tranquillitat
1293 4313 1469 4393 tistudent‚

319 4415 394 4476 nihil
406 4421 508 4478 tamen
521 4418 622 4481 minus
645 4416 835 4484 inimicorum
849 4416 937 4478 vel
911 4436 940 4476 ιι
959 4417 1006 4476 vel
1016 4412 1121 4476 fraude
1139 4430 1218 4492 saepe
1232 4412 1332 4473 solum
1356 4417 1471 4474 vertere

321 4522 389 4578 sunt
401 4515 499 4578 coacti
508 4561 518 4595 ‚
529 4534 776 4599 neque-unquam
789 4517 897 4599 reverti
913 4516 1011 4588 isthuc
1027 4512 1204 4596 potuissent,
1220 4510 1277 4574 nisi
1291 4509 1471 4579 tuaeburna-
