3188 5414
470 513 652 570 EPISTOLAE
669 512 715 568 ΕΤ
733 513 862 569 BREVIA
883 513 1118 569 sentement.
1306 518 1366 569 '80⁵3

222 625 256 680 ut
271 617 525 680 christianissime
547 618 696 698 Majestati
717 621 788 679 Tua
807 617 906 698 reipsa
928 618 1110 697 probemus,
1134 605 1243 697 quibus
1258 616 1365 686 officii,

150 709 152 711 ’
219 713 310 776 studii
323 733 358 776 ao
368 720 500 794 paternae
510 715 643 777 caritatis
656 714 782 777 vinculis
792 714 847 796 ipsi
857 714 992 776 obstricti
1003 732 1039 776 ae
1050 713 1162 775 deviati
1175 713 1278 775 simus.
1292 716 1367 776 lllnd

218 813 301 895 quod
315 813 445 874 maxime
463 830 624 894 possumus
637 813 693 874 tibi
713 831 904 894 summopere
921 812 1140 892 prestabimus.
1162 814 1258 873 Deum
1273 812 1368 872 omni-

219 917 375 995 potentem
389 956 396 986 ,
411 916 503 991 prout
527 910 673 986 facimus,
698 909 816 971 assidue
837 909 981 972 nimirum
998 909 1237 991 deprecabimur,
1253 915 1286 970 ut
1302 927 1369 987 quae

218 1007 368 1086 Maiestati
390 1009 463 1069 Tuae
481 1006 642 1084 debemus,
657 1005 722 1087 ipse
737 1006 791 1067 tibi
814 1003 844 1067 in
864 1007 995 1086 glorioso
1010 1026 1046 1068 ac
1067 1021 1211 1090 prospero
1229 1007 1296 1068 vite
1309 1014 1369 1072 tuae

218 1121 308 1176 cursu
324 1103 355 1164 in
370 1103 532 1165 liberorum
549 1110 690 1180 tuorum,
710 1109 740 1164 et
751 1103 850 1183 Regiae
867 1106 980 1166 Domus
991 1099 1205 1184 amplitudine,
1215 1103 1368 1183 felicitate,
1392 1101 1398 1112 '

221 1201 418 1263 diuturnitate
437 1200 557 1261 referat.
573 1203 640 1274 Quo
659 1199 792 1260 firmiora
806 1199 865 1260 sint
882 1199 946 1261 hnc
957 1206 1028 1261 vota
1038 1207 1158 1272 nostra,
1173 1201 1369 1280 apostolicam

220 1297 464 1383 benedictionem
478 1296 605 1357 coelestis
625 1295 728 1375 gratiae
742 1295 895 1376 auspicem
906 1295 971 1373 tibi,
984 1278 1137 1357 carissime
1149 1296 1179 1357 in
1193 1297 1311 1359 Christo
1327 1299 1368 1361 tili

220 1403 332 1474 noster,
345 1401 463 1475 tuaeque
477 1392 621 1456 universa
633 1393 731 1474 Regiae
741 1392 862 1455 familiae
874 1393 1076 1462 amantissime
1090 1393 1289 1475 impertimur.
1303 1398 1370 1456 Dc-

222 1501 286 1555 tam
298 1496 414 1563 Rome,
428 1495 510 1572 apud
522 1495 666 1556 Sanctam
680 1497 810 1556 Mariam
821 1492 980 1572 majorem,
992 1493 1046 1555 sab
1054 1493 1177 1556 Annulo
1189 1496 1368 1565 Piscator-is,

220 1592 271 1652 dte
285 1601 309 1679 Ι4
327 1595 402 1652 mati
420 1603 509 1668 1774,
526 1594 721 1671 pontificatus
733 1597 833 1653 nestri
844 1611 924 1653 cneo
934 1596 1048 1670 quinto·
1384 1608 1385 1611 ’

708 1718 882 1734 nun-fi

704 1859 882 1929 cctxvu.
958 1837 960 1840 ’

557 2006 758 2057 sanctissulr
782 2015 898 2056 nourur
922 2015 1035 2056 uosrur

275 2121 530 2190 otomanus
557 2125 720 2194 nrvnm
746 2122 1058 2193 recucurrit
1086 2084 1208 2192 rara
1233 2125 1314 2191 xiv

631 2263 950 2360 anuouuno,

304 2412 419 2461 HABITA
435 2413 469 2460 IN
485 2413 692 2464 constsroluo
708 2413 859 2474 SEGRETO‚
875 2413 930 2462 DlE
948 2413 981 2463 ΙΧ
998 2410 1069 2461 nan
1085 2409 1282 2484 tinccnxxw.

147 2528 152 2538 ’
264 2544 453 2605 Venerabiles
467 2542 594 2623 fratres.
614 2547 690 2608 Cum
703 2546 767 2624 iam
781 2540 1033 2613 instetsolemnis
1046 2540 1237 2604 Ascensionis
1249 2540 1369 2602 Domini

218 2639 281 2724 dies
293 2685 301 2717 ,
314 2660 376 2721 qua
386 2640 532 2703 universis
547 2641 686 2704 fidelibus
697 2643 863 2723 apostolica
881 2660 956 2704 voce
970 2640 1040 2703 anni
1057 2639 1151 2702 sancti
1163 2639 1303 2717 Jubilaeus
1324 2644 1369 2699 est

219 2724 411 2814 indicendus,
423 2745 532 2818 praesto
548 2739 633 2801 vobis
644 2757 710 2801 esse
723 2739 888 2816 voluimus,
902 2738 1093 2801 venerabiles
1107 2739 1238 2811 Fratres,
1252 2736 1370 2797 littera-

219 2852 288 2896 rum
297 2834 436 2913 exempla
443 2834 552 2913 quibus
570 2835 694 2896 eosdem
705 2835 743 2896 ad
753 2835 832 2897 hanc
839 2836 1005 2897 maximam
1015 2834 1155 2896 Ecclesia
1161 2834 1369 2896 celebritatem

218 2948 390 3010 evocamus.
411 2933 476 3006 Qua
488 2950 562 2993 cura
575 2931 723 3012 perfuncti
735 2932 880 3013 exemplo
894 2931 1034 2994 dabimus
1049 2949 1173 3012 operam
1191 2936 1225 2992 ut
1239 2929 1319 2991 viros
1338 2930 1368 2990 in

209 3017 397 3111 ¹Evangelicn
411 3030 577 3093 ministerio
591 3030 770 3093 exercitatos
782 3030 965 3110 deligamus,
975 3028 1028 3110 qui
1041 3027 1141 3090 divina
1152 3027 1249 3108 gratia
1262 3044 1369 3087 eorum
1438 3048 1441 3054 ·

219 3135 347 3191 conatus
360 3135 391 3191 et
403 3129 530 3191 consilia
543 3135 647 3191 nostra
663 3127 824 3208 adjuvante
831 3174 839 3206 ,
852 3128 883 3190 in
895 3127 954 3190 hae
967 3128 1042 3190 urbe
1055 3128 1202 3210 populum
1220 3126 1260 3190 ad
1276 3127 1370 3208 poeni·

218 3228 344 3290 tentiam
356 3228 500 3310 agendam
519 3247 554 3291 ac
567 3233 763 3310 peccatorum
780 3225 989 3290 remissionem
1002 3224 1228 3308 percipiendam
1247 3224 1364 3286 inflam-
1447 3246 1452 3256 ·

217 3331 310 3387 ment·
318 3328 519 3407 Quaecumque
525 3331 669 3408 preterea
674 3320 718 3387 'ad
727 3322 888 3386 criminum
898 3323 1109 3404 expiationem,
1119 3321 1156 3384 ad
1163 3321 1216 3385 Dei
1220 3320 1368 3401 justitiam

217 3422 414 3502 placandam,
430 3423 668 3486 misericordiam
680 3439 716 3484 ac
731 3420 949 3501 indulgentiam
965 3420 1181 3497 obtinendam,
1197 3419 1367 3484 animarum

217 3518 347 3599 denique
369 3521 495 3582 salutem
509 3520 745 3602 comparandam
758 3520 855 3599 magis
877 3519 991 3582 idoneae
1010 3526 1102 3600 atque
1115 3519 1204 3580 utiles
1217 3518 1365 3593 rationes,

219 3620 374 3701 praesidia,
390 3639 426 3683 ac
444 3621 602 3685 facultates
621 3617 806 3702 suppeditari
831 3637 848 3678 a
866 3618 959 3679 Nobis
977 3623 1135 3698 poterunt,
1155 3634 1323 3680 easomnes
1334 3615 1368 3677 li-

217 3718 392 3780 bentissime
405 3718 616 3799 uberrimeque
630 3718 829 3781 conferemus.
844 3716 967 3778 Interim
978 3710 1040 3777 una
1052 3714 1210 3777 vobiscum
1225 3714 1368 3795 omnipo-

218 3821 333 3878 tentem
352 3816 448 3879 [leum
460 3814 612 3877 obsecrari
625 3833 687 3876 non
700 3813 950 3891 intermittemus,
963 3813 1071 3875 uthoeo
1082 3812 1182 3876 studia
1192 3819 1296 3877 nostra
1310 3831 1366 3894 pro

218 3913 297 3975 illius
318 3912 568 3993 augenda‘gloria
584 3917 615 3973 et
632 3912 772 3974 Ecclesiae
786 3911 986 3975 aedificatione
1004 3916 1145 3993 suscepta
1167 3909 1367 3992 optatissimus

220 4010 318 4072 exitus
329 4011 472 4088 babeant,
480 4016 574 4091 utque
584 4010 644 4072 hoc
654 4016 791 4091 ternpore
804 4028 892 4072 suam
900 4009 1091 4074 clementiam
1105 4030 1141 4073 ac
1151 4009 1367 4090 benignitatem

222 4109 253 4167 ln
267 4108 402 4171 omnium
417 4109 658 4173 sanctificatione
675 4109 808 4172 maxime
822 4114 1032 4191 perspectam,
1046 4128 1082 4171 ac
1098 4107 1289 4169 manifestam
1300 4114 1366 4168 esse

219 4205 300 4268 velit.
975 4216 977 4221 '
