3188 5414
253 533 304 582 too
680 526 880 581 CLEMEb'TlS
898 526 967 579 XIV

253 631 383 707 suimus,
393 631 478 691 nobis
487 647 683 705 reservamus,
693 648 729 689 ea
742 629 841 690 media
856 630 1052 704 constituere,
1063 626 1216 707 quibuset
1232 628 1410 691 Iulidelium

252 727 406 788 conversio
414 773 422 803 ,
435 733 465 786 et
477 725 668 786 dissidiorum
682 725 796 786 sedatio
814 724 946 801 facilius,
961 729 991 784 et
1005 722 1120 784 firmius
1139 723 1275 783 obtineri
1293 724 1408 804 possit,

251 830 281 884 et
295 823 474 902 comparari.

293 931 341 980 aa.
355 919 482 979 Cessatis
495 925 612 994 autem,
625 926 654 979 ct
668 919 786 998 penitus
800 918 967 997 abrogatis,
984 924 1017 977 ut
1032 935 1140 998 supra,
1150 918 1326 998 privilegiis
1338 912 1407 1000 qui-

252 1017 439 1095 buscumque
451 1022 482 1075 et
501 1014 619 1075 statutis
632 1014 796 1094 sepedicta
810 1014 981 1090 societatis,
994 1013 1182 1074 declaramus
1195 1015 1264 1092 ejus
1277 1015 1385 1076 Socios
1397 1061 1404 1090 ‚

247 1114 301 1175 ubi
314 1133 330 1174 a
344 1113 498 1188 Domibus,
509 1118 539 1173 et
552 1111 686 1192 Collegiis
698 1112 853 1174 Societatis
862 1110 982 1192 egressi,
991 1117 1021 1171 ct
1033 1109 1071 1171 ad
1084 1116 1199 1171 statum
1214 1111 1405 1173 clericorum

250 1209 441 1270 Saecularium
463 1208 576 1269 redacti
598 1208 726 1286 luerint,
741 1209 855 1271 habiles
878 1227 958 1285 esse,
981 1215 1011 1270 et
1026 1208 1150 1292 idoneos
1170 1208 1213 1269 ad
1234 1209 1404 1272 obtinenda

247 1308 334 1384 juxta
347 1323 502 1366 sacrorum
515 1322 684 1382 canonum,
699 1311 730 1365 et
741 1304 986 1366 constitutionum
1000 1304 1247 1386 Apostolicorum
1260 1305 1401 1381 decreta,

250 1404 400 1465 Beneficia
412 1420 608 1481 quacumque
618 1407 681 1462 tam
696 1401 758 1462 sine
769 1420 859 1478 cura,
873 1419 965 1482 quam
975 1420 1045 1462 cum
1059 1419 1148 1478 cura,
1160 1400 1285 1476 officia,
1302 1401 1402 1480 digni-

248 1507 342 1575 tates,
353 1504 548 1580 personatus,
560 1504 590 1559 et
601 1497 631 1558 id
643 1516 736 1577 genus
747 1498 820 1576 alia,
832 1499 870 1560 ad
880 1517 946 1578 quae
957 1497 1058 1558 omnia
1073 1497 1116 1558 eis
1129 1497 1159 1557 in
1169 1497 1328 1559 Societate
1338 1517 1400 1559 ma-

249 1595 390 1655 nentibus
400 1593 496 1654 aditus
514 1593 611 1654 fuerat
627 1593 746 1674 penitus
759 1594 937 1655 interclusus
952 1592 1073 1654 alelicis
1087 1593 1313 1655 recordationis
1325 1596 1400 1655 Gre

250 1693 334 1771 gorio
344 1693 487 1752 PP.Xlll.
496 1711 550 1772 per
559 1710 628 1753 suas
637 1692 667 1752 in
677 1692 765 1753 simili
778 1692 874 1754 torma
884 1679 985 1754 Brevis
994 1692 1042 1753 die
1052 1694 1298 1772 10.Septembris
1313 1707 1396 1756 ¹58⁴.

251 1794 407 1873 expeditas
420 1792 548 1868 litteras,
563 1810 693 1872 quarum
704 1790 821 1851 initium
842 1797 887 1851 est
904 1814 911 1851 :
928 1790 1004 1851 Satis
1021 1807 1180 1870 superque.
1198 1793 1279 1851 Item
1291 1792 1397 1852 iisdem

247 1890 466 1973 permittimus,
485 1889 567 1969 quod
589 1889 701 1970 pariter
725 1888 850 1950 vetitum
864 1890 906 1950 eis
928 1895 1009 1967 erat,
1036 1897 1070 1950 ut
1093 1890 1325 1968 eleemosynam
1343 1911 1398 1970 pro

247 1987 342 2048 Missa
353 1985 553 2046 celebratione
563 1985 681 2045 valeant
689 1985 860 2065 percipere3
873 1985 1047 2065 possintque
1056 1984 1093 2045 iis
1101 1985 1244 2046 omnibus
1258 1985 1321 2046 frui
1332 2006 1398 2066 gra-

245 2082 309 2159 tiis,
325 2090 355 2143 et
365 2081 533 2159 favoribus,
548 2081 657 2161 quibus
675 2087 830 2162 tamquam
845 2081 948 2142 Clerici
966 2081 1128 2160 Regulares
1145 2080 1308 2142 Societatis
1326 2085 1397 2143 lesu

245 2185 393 2260 perpetuo
404 2178 580 2240 caruissent.
593 2181 777 2257 Derogamus
789 2178 901 2259 pariter
913 2177 1063 2253 omnibus,
1078 2183 1108 2238 et
1122 2176 1247 2256 singulis
1264 2176 1398 2238 faculta-

246 2277 341 2353 tibus,
353 2276 462 2356 quibos
476 2294 494 2336 a
508 2276 669 2355 Praeposito
687 2275 836 2354 generali,
854 2275 975 2356 aliisque
990 2270 1199 2357 Superioribus
1219 2277 1248 2337 vi
1271 2278 1396 2358 privile-

245 2373 363 2451 giorum
387 2391 405 2432 a
425 2372 556 2433 Summis
577 2372 770 2434 Pontificibus
788 2374 995 2450 obtentorum,
1010 2372 1112 2434 donati
1133 2371 1264 2450 luerint,
1277 2373 1396 2453 legendi

246 2467 384 2528 videlicet
396 2467 603 2528 haereticorum
616 2468 723 2544 libros,
739 2475 769 2529 et
780 2469 853 2529 alios
864 2469 903 2530 ab
916 2468 1086 2550 Apostolica
1100 2468 1178 2530 Sede
1191 2470 1393 2550 proscriptos,

245 2574 274 2627 et
288 2566 446 2627 damnatos
454 2588 463 2643 3
479 2582 539 2626 non
553 2566 688 2626 servandi
706 2566 889 2644 ieiuniorum
909 2567 989 2645 dies,
1004 2573 1057 2629 aut
1069 2565 1249 2628 esurialibus
1265 2569 1342 2630 cibis
1365 2571 1395 2631 in

246 2663 281 2723 iis
298 2681 359 2724 nou
370 2661 487 2739 utendi;
504 2662 720 2743 anteponendi,
731 2662 991 2744 postponendique
1004 2665 1155 2725 Horarum
1169 2664 1394 2728 Canonicarum

244 2759 465 2837 recitationem,
481 2758 604 2839 aliisque
615 2758 646 2819 id
663 2760 890 2840 genus,quibus
902 2759 1098 2841 inposterum
1110 2777 1163 2821 eos
1179 2759 1224 2820 uti
1237 2779 1330 2840 posse
1341 2782 1395 2823 se-

243 2856 395 2917 verissime
415 2855 629 2936 prohibemus,
649 2874 719 2917 cum
733 2874 818 2917 mens
833 2856 937 2932 nobie,
957 2856 1133 2935 animusque
1157 2855 1213 2932 sit,
1228 2864 1266 2917 ut
1289 2858 1393 2920 itidem

243 2959 398 3031 tamquam
412 2952 573 3013 Seculares
583 2952 749 3032 Presbyteri
762 2952 800 3014 ad
811 2952 886 3031 juris
899 2953 1068 3014 communis
1084 2952 1221 3014 tramites
1238 2972 1329 3016 suam
1344 2975 1394 3018 ac-

244 3047 436 3109 commodent
449 3048 566 3109 vivendi
580 3048 737 3109 rationem.

284 3156 332 3205 34.
348 3146 493 3206 Vetamus
502 3190 512 3222 ,
524 3163 562 3206 ne
581 3152 742 3226 postquam
759 3154 920 3228 presentes
938 3155 1046 3210 nostrae
1066 3148 1169 3210 litterae
1190 3154 1393 3232 promulgataa

242 3242 368 3318 luerint,
379 3261 415 3302 ac
425 3250 503 3304 uota
516 3243 655 3321 reddita,
669 3245 746 3306 ullus
756 3245 865 3307 audeat
873 3264 977 3308 earum
984 3247 1194 3308 executionem
1204 3249 1392 3328 suspendere

242 3338 333 3400 etiam
347 3339 466 3416 colore,
486 3340 588 3415 titulo,
603 3348 749 3422 praetextu
769 3343 900 3420 cujusvis
913 3343 1083 3425 petitionis,
1097 3344 1322 3425 appellationis,
1343 3364 1392 3407 re·

242 3453 363 3512 cursus,
375 3434 602 3514 declarationis,
625 3444 677 3520 aut
698 3439 924 3501 consultationis
943 3440 1123 3517 dubiorum,
1142 3459 1209 3520 quae
1222 3440 1304 3503 forte
1316 3442 1390 3503 oriri

241 3537 378 3613 possent,
391 3532 508 3613 alioque
518 3534 625 3615 quovis
637 3542 781 3616 pretextu
793 3537 933 3618 praviso,
946 3540 993 3600 vel
1007 3557 1067 3600 nou
1085 3539 1221 3620 praeviso.
1237 3532 1391 3604 Volumus

241 3631 320 3692 enim
330 3649 366 3692 ex
380 3650 475 3709 nuno,
487 3642 517 3694 et
530 3633 703 3696 immediate
716 3637 971 3717 suppressionem,
984 3644 1014 3698 et
1027 3637 1226 3700 cassationem
1241 3639 1391 3702 universa

217 3799 219 3803 Ι
241 3727 386 3807 prodicta
400 3727 574 3808 Societatis,
589 3737 620 3792 et
641 3733 777 3793 omnium
791 3734 856 3812 ejus
872 3733 1043 3796 officiorum
1062 3753 1151 3796 suum
1164 3733 1310 3797 effectum
1324 3754 1390 3798 sor-

240 3825 300 3902 tiri,
312 3824 421 3901 forma,
429 3827 557 3889 etmodo
570 3829 689 3892 aNobis
699 3850 790 3910 supra
798 3831 957 3912 expressis,
968 3832 1025 3893 sub
1034 3851 1122 3912 poena
1129 3832 1255 3910 majoris
1265 3851 1390 3896 excom·

240 3922 450 3984 municationis
468 3923 533 4005 ipso
546 3923 626 3987 facto
644 3927 829 3990 incurrendo
842 3929 952 4007 Nobis,
972 3930 1141 4011 nostrisque
1159 3934 1389 3996 successoribus

240 4023 382 4085 Romanis
395 4023 590 4085 Pontificibus
602 4044 658 4105 pro
672 4033 808 4107 tempore
819 4034 975 4090 reservatae
989 4029 1129 4091 adversus
1140 4048 1388 4112 quemcumque,

240 4123 292 4203 qui
316 4123 427 4186 nostris
439 4123 523 4185 hisce
546 4124 651 4186 litteris
670 4125 867 4207 adimplendis
886 4126 1152 4207 impedimentum,
1168 4126 1309 4206 obicem,
1333 4135 1389 4191 aut

239 4239 356 4283 moram
371 4239 521 4302 apponere
533 4223 762 4302 presumpserit.

281 4328 327 4377 35.
343 4318 521 4380 Mandemus
532 4317 663 4399 insuper,
677 4339 712 4381 ac
722 4319 753 4381 in
763 4321 872 4382 virtute
886 4327 995 4383 sancta
1005 4320 1178 4382 obedientia
1192 4322 1388 4402 precipimus

239 4417 377 4479 omnibus
384 4464 395 4494 ,
407 4424 438 4480 et
452 4418 572 4498 singulis
584 4418 718 4499 personis
731 4419 959 4496 Ecclesiasticis,
976 4418 1181 4499 regularibus,
1189 4419 1387 4480 sacularibus

238 4505 453 4593 cuiuscumque
470 4515 597 4593 gradus,
619 4514 782 4594 dignitatis,
796 4515 949 4596 qualitatis
963 4521 993 4576 et
1011 4505 1206 4591 conditionis,
1221 4520 1255 4576 et
1268 4514 1306 4576 iis
1321 4513 1387 4593 sig-
