3188 5414
474 529 654 584 ansroua:
671 529 715 582 nr
734 528 865 581 naevii
886 529 1122 583 saurc'nonr.
1313 505 1375 588 rrsa

225 655 296 698 cum
311 627 491 697 stanislaum
505 621 667 695 Provinciae
676 634 822 695 Comitem
834 640 975 713 nepotem
986 639 1084 709 tuum,
1102 652 1138 694 ac
1149 633 1374 699 dilectissimam

226 734 328 795 bidem
340 732 370 793 in
384 733 502 794 Christo
514 728 767 808 liliam'irostram,
779 732 906 793 Mariam
918 731 1080 811 Josepham
1094 731 1237 811 Aloysam
1250 739 1374 812 neptem

224 832 369 916 carissimi
392 831 422 893 iu
446 831 561 893 Christo
583 830 637 891 lilii
659 832 753 892 nostri
776 831 873 893 Caroli
895 831 1100 893 Emmanuelis
1120 829 1264 892 Sardinia
1286 832 1374 912 Regis

224 929 366 1007 illustris,
391 934 480 1008 atque
500 928 531 988 in
552 927 642 1005 hujus
662 928 771 990 laetitiaa
785 935 845 989 tuae
860 935 1013 1008 partema
1034 935 1064 988 te
1088 927 1204 1003 vocati,
1226 946 1264 988 aa
1285 929 1374 1008 plane

219 1024 409 1104 jucunditate
428 1024 615 1100 accedimus,
634 1043 695 1104 qua
713 1025 861 1103 maiorem
879 1042 987 1104 capere
1005 1031 1149 1104 paternus
1169 1023 1286 1086 animus
1299 1043 1374 1088 nos-

221 1129 278 1200 ter,
294 1141 329 1184 ac
344 1120 513 1184 uberiorem
533 1138 594 1182 non
617 1127 728 1200 potest.
750 1123 894 1182 Summus
909 1126 954 1182 est
969 1128 1071 1182 noster
1085 1138 1155 1200 erga
1175 1128 1222 1200 te,
1246 1128 1374 1204 tuosque

221 1223 318 1304 regios
334 1239 440 1284 omnes
453 1221 563 1282 liberos
578 1237 674 1297 amor,
690 1219 907 1299 singularisque
927 1218 1042 1298 pietas,
1065 1236 1126 1297 qua
1140 1217 1285 1280 universae
1296 1222 1373 1281 Ror-

220 1320 319 1382 boniae
335 1319 443 1381 Domui
464 1321 537 1380 'l'uae
562 1319 661 1379 lausta
683 1335 803 1397 semper
821 1334 857 1377 ac
870 1314 970 1376 felicia
989 1314 1091 1376 omnia
1113 1315 1227 1395 precati
1250 1335 1371 1394 sumus,

220 1417 346 1498 proinde
359 1417 434 1479 nihil
449 1417 544 1496 magis
559 1423 691 1496 patema
703 1414 775 1475 huic
794 1412 912 1474 caritati
925 1419 1036 1474 nostrae
1050 1412 1186 1493 votisque
1206 1415 1372 1490 consentit,

125 1532 128 1537 ⁴
220 1535 312 1596 quam
326 1514 454 1593 eandem
468 1515 568 1576 ridere
582 1513 706 1594 Regiam
718 1516 848 1574 Domum
867 1511 952 1572 novis
964 1529 1072 1590 augere
1084 1510 1247 1591 conjugiis,
1260 1530 1297 1572 ex
1308 1513 1373 1592 qui-

220 1615 276 1676 bus
291 1615 475 1695 amplissIma
488 1613 583 1694 possit
597 1630 744 1700 unacum
760 1610 857 1672 insitis
876 1610 1038 1671 virtutibus
1052 1609 1091 1670 ad
1103 1610 1189 1675 istius
1203 1612 1296 1689 Regni
1309 1610 1374 1672 feli-

219 1713 341 1773 citatem
362 1711 480 1773 soboles
502 1708 673 1791 propagari.
695 1708 831 1769 Eandem
852 1706 890 1768 ad
904 1707 1043 1768 Ecclesiae
1059 1725 1180 1788 quoque
1199 1709 1373 1788 Sancteque
1436 1730 1437 1734 ¹

219 1809 310 1887 hujus
326 1810 409 1878 Sedis
429 1809 521 1870 decus
537 1827 571 1869 ac
587 1815 722 1874 tutamen
736 1805 897 1866 extituram
913 1805 1078 1866 certissime
1091 1804 1183 1865 Nobis
1197 1805 1373 1884 pollicemur

219 1923 292 1966 cum
317 1923 354 1964 ex
381 1903 547 1983 maioribus
569 1902 647 1977 suis,
675 1920 710 1961 ac
731 1919 767 1961 ex
788 1907 818 1961 te
836 1900 902 1987 ipso
916 1901 1082 1987 prasertim
1099 1901 1237 1980 exempla
1259 1909 1373 1980 repetet

219 2001 370 2080 roligionis
378 2048 386 2079 ,
403 2020 438 2064 ac
452 2001 482 2062 in
498 2002 560 2062 Nos
571 1999 691 2080 pietatis
704 1998 840 2060 illustria.
859 2000 931 2058 lure
946 1997 1036 2077 igitur
1048 2004 1082 2059 ut
1094 1996 1214 2073 laetitiae,
1229 1997 1272 2057 ita
1281 1997 1371 2058 ctiam

219 2099 440 2179 gratulationis,
455 2099 541 2178 cujus
552 2097 607 2159 tibi
619 2096 753 2160 cilicium
767 2096 976 2176 persolvimus,
989 2096 1153 2177 plurimam
1168 2097 1198 2157 in
1213 2097 1294 2177 ipsos
1305 2117 1373 2178 par-

220 2203 282 2256 tem
304 2196 472 2258 redundare
496 2201 705 2277 cognoscimus
722 2201 753 2254 et
775 2193 952 2274 gaudemus.
974 2195 1072 2257 Facile
1090 2195 1202 2256 idcirco
1227 2195 1280 2256 tibi
1298 2215 1372 2276 pcr-

218 2294 357 2371 suadeas,
373 2294 526 2357 carissimc
542 2296 572 2355 in
583 2293 701 2355 Christo
718 2293 760 2353 lili
773 2300 886 2371 noster,
899 2293 1027 2356 mirifica
1040 2313 1058 2355 a
1071 2293 1163 2355 Nobis
1174 2293 1213 2355 ad
1226 2313 1294 2355 eam
1307 2314 1372 2356 rom

218 2391 317 2454 afferri
332 2393 443 2471 studia,
460 2412 566 2475 eaque,
581 2412 649 2474 quae
670 2399 703 2453 tu
717 2392 848 2454 maxime
862 2393 978 2474 cupias,
994 2393 1141 2461 cumulari
1155 2387 1237 2470 rota,
1255 2399 1289 2454 ut
1307 2392 1372 2454 baec

218 2489 329 2552 scilicet
340 2498 444 2553 nostra
456 2499 558 2566 tecum
571 2489 741 2552 communis
753 2489 927 2568 jncunditas
940 2508 977 2551 ex
992 2490 1039 2552 his
1054 2489 1301 2571 auspicatissimis
1312 2489 1373 2550 ini-

217 2587 266 2647 tiis
280 2588 376 2666 magis
389 2587 418 2649 in
429 2587 493 2648 dies
505 2584 705 2668 amplificetur
715 2604 751 2646 ac
761 2594 925 2648 excrescat·
939 2589 1000 2648 Nos
1011 2606 1084 2648 sane
1093 2587 1282 2668 praeripimus
1292 2586 1372 2653 hano

154 2698 164 2711 ·
217 2701 302 2763 spem
317 2702 353 2743 ex
374 2684 621 2764 praestantissima
639 2683 817 2745 nubentium
834 2685 1070 2746 adolescentium
1085 2684 1196 2762 indole,
1211 2703 1248 2745 cx
1264 2684 1372 2746 utrius

217 2797 276 2858 que
287 2780 387 2858 Regiae
400 2783 514 2840 Domus
529 2779 726 2859 amplitudine
741 2798 777 2839 ac
788 2779 933 2856 fortunis,
949 2787 979 2840 et
992 2799 1028 2840 ex
1040 2787 1185 2841 renovata
1202 2781 1253 2840 illa
1265 2799 1372 2841 neces.

219 2877 357 2938 situdinis
370 2876 601 2955 conjunctione,
616 2893 708 2954 quam
731 2874 803 2936 olim
816 2891 871 2953 per
891 2875 1122 2953 gloriosissimos
1144 2877 1287 2935 Parentes
1300 2882 1370 2935 tuos

218 2972 366 3034 coaluisse
381 2991 498 3052 semper
512 2971 690 3035 laetabimur.
707 2972 778 3044 Quae
791 2970 913 3050 quidem
926 2971 1076 3032 desideria
1088 2970 1371 3050 cxpectationesquo

219 3080 329 3134 nostrae
343 3077 377 3133 ut
390 3070 491 3132 divina
505 3069 688 3153 benignitate
708 3074 774 3129 rata
788 3071 864 3147 sint,
880 3069 1016 3148 ejusdem
1029 3069 1246 3131 benedictionis
1267 3070 1372 3151 auspi-.

220 3189 287 3232 cern
301 3177 331 3231 et
345 3168 542 3250 apostolicam
556 3165 798 3229 benedictionem
810 3167 959 3245 lllajestati
975 3170 1056 3245 Tuae,
1072 3168 1163 3248 regiis
1177 3168 1311 3249 Sponsis,
1325 3169 1371 3230 Li-

218 3268 358 3348 berisque
378 3267 438 3329 tuis
452 3263 593 3334 omnibus
614 3263 817 3343 universaeque
831 3264 990 3334 Borboniae
1011 3266 1120 3327 Domui
1135 3266 1242 3328 intimo
1253 3265 1369 3346 paterni

218 3366 317 3427 cordis
330 3385 418 3428 sensu
430 3364 633 3432 amantissime
646 3363 845 3450 impertimur.
860 3364 971 3425 Datum
987 3366 1098 3434 Romae,
1112 3372 1181 3440 etc,
1193 3364 1242 3424 dic
1260 3365 1371 3441 ejunii

221 3475 308 3540 1771,
318 3466 509 3543 ponteficutus
524 3467 623 3525 nostri
632 3479 711 3522 cauo
728 3463 828 3521 tertio.

736 3686 845 3756 CXLI.

559 3844 758 3886 sancrrssmr
780 3844 899 3886 nourur
923 3844 1034 3886 nosrar
1067 3831 1069 3834 '
1183 3819 1187 3828 ’

217 3943 219 3948 ’
307 3942 543 4016 CLEMENTIS
570 3938 716 4012 DlVlNA
742 3942 1027 4026 PROVIDENTIA
1054 3943 1176 4014 PAPAE
1202 3946 1276 4014 XlV

599 4074 956 4171 innocuam,
1008 4133 1009 4136 κ

279 4217 396 4269 HABITA
418 4219 450 4266 lli
472 4217 678 4267 consisioaio
698 4217 837 4268 sublimo
859 4219 914 4265 DIE
934 4217 1005 4266 XVII
1025 4218 1110 4266 JUNII
1130 4218 1304 4267 mdcclxxi.

262 4331 453 4391 Venerabilcs
464 4334 595 4392 Fratres.
609 4332 783 4413 Complures
792 4332 951 4394 Lusitaniae
961 4334 1104 4396 ecclesias
1113 4334 1280 4398 cumhodie
1290 4357 1366 4418 pro-

217 4427 342 4508 posituri
358 4427 452 4488 simus
466 4447 501 4490 ac
512 4429 549 4489 dc
559 4429 664 4492 iisdem
677 4430 799 4490 decreta
813 4428 919 4489 facturi
931 4452 938 4505 ,
953 4448 1054 4490 rerum
1068 4439 1098 4492 ct
1107 4431 1243 4494 locorum
1255 4453 1367 4514 oppor-
1450 4441 1456 4457 '

217 4525 345 4586 trinitate
364 4525 507 4588 admoniti
525 4546 584 4589 non
603 4545 781 4609 possumus,
798 4527 989 4589 Venerabilcs
1004 4530 1140 4606 Fratres,
1156 4548 1274 4592 summa
1295 4550 1365 4592 cunr
