3188 5414
222 491 274 542 240
486 532 489 536 .
650 481 851 539 CLEMENTlS
869 482 934 535 xlv

222 592 337 654 dinario
360 596 462 651 nostro
481 587 560 668 apud
581 588 768 666 Majestatem
786 589 883 649 'luam
904 585 1013 646 nuncio
1038 584 1212 663 adjumento
1230 602 1270 646 ac
1293 603 1374 664 pre-

222 690 296 752 sidio
317 706 382 749 esse
393 687 467 749 velis
480 706 498 748 a
509 694 550 763 te,
560 685 711 748 carissime
722 685 753 746 in
763 685 879 747 Christo
896 684 939 746 fili
955 689 1068 760 noster,
1078 702 1140 763 quo
1150 682 1289 745 maxime
1302 701 1375 764 pos«

222 804 325 848 sumus
335 783 432 846 studio
441 783 618 863 expetimus.
626 784 777 857 Quantum
784 781 838 843 tibi
848 781 966 861 tuisque
972 781 1063 842 rebus
1072 779 1187 860 optime
1193 778 1373 840 consultum

223 899 288 943 esse
299 880 353 941 tibi
367 900 385 942 a
398 884 461 942 Deo
481 879 600 960 Optimo
623 879 755 942 Maximo
769 879 923 960 provisum
937 896 1001 939 esse
1021 884 1159 957 exoptas,
1183 882 1304 939 tantum
1316 875 1373 937 in-

223 977 353 1055 dustria,
366 996 455 1055 cure,
475 977 632 1056 diligentiae
652 977 682 1037 in
702 977 760 1037 hac
779 977 911 1037 maxima
925 974 1076 1054 religionis
1092 980 1185 1055 atque
1198 972 1371 1035 animarum

222 1077 325 1138 salutis
344 1095 377 1138 re
398 1075 574 1156 satagendo,
597 1082 630 1136 ut
649 1075 776 1136 colloces
794 1074 930 1136 velimus.
945 1075 1006 1135 Nos
1019 1071 1142 1152 quidem
1157 1069 1292 1132 divinam
1305 1070 1372 1132 cle-

222 1175 367 1236 mentiam
382 1181 416 1236 ut
430 1193 490 1235 sue
500 1173 600 1253 gratie
612 1173 748 1254 presidio
756 1174 945 1251 Maiestatem
952 1175 1049 1234 Tuam
1063 1171 1094 1232 in
1104 1170 1152 1231 his
1164 1169 1284 1231 eximiis
1292 1187 1371 1231 cou-

222 1273 293 1334 siliis
302 1272 491 1353 perficiendis
504 1272 662 1334 confirmet
676 1291 712 1333 ac
732 1272 859 1350 muniat,
879 1279 969 1353 atque
984 1271 1053 1333 inde
1071 1269 1251 1333 faustissimi
1267 1289 1370 1332 rerum

221 1369 320 1432 exitus
332 1368 499 1430 redundent
516 1386 640 1430 exorare
662 1385 723 1429 non
743 1368 940 1446 desistemus;
963 1376 1052 1449 atque
1070 1367 1193 1428 interim
1215 1365 1249 1427 in
1265 1367 1372 1447 auspi-

224 1467 305 1527 cium
318 1464 481 1526 celestium
493 1464 709 1526 beneficiorum
722 1472 752 1526 et
763 1470 870 1527 nostre
884 1473 1015 1546 paterne
1027 1463 1186 1543 singularis
1199 1462 1232 1523 in
1242 1468 1274 1524 te
1286 1462 1367 1524 cari-

222 1562 292 1623 tatis
305 1567 515 1640 argumentum
525 1560 721 1641 apostolicam
730 1561 968 1624 benedictionem
978 1560 1125 1638 Maiestati
1137 1562 1209 1621 Tuae
1220 1559 1372 1623 eunantis·¹

222 1661 298 1721 sime
322 1659 519 1740 impertimur.
548 1662 655 1720 Datum
672 1661 789 1730 Rome,
808 1666 877 1733 etc,
899 1661 949 1720 die
969 1663 1104 1720 dmartii
1126 1668 1223 1733 1²7³,
1245 1659 1368 1734 pectit-

223 1764 307 1818 cotas
319 1761 414 1818 nostri
430 1775 509 1817 uano
523 1764 639 1836 quarto.

703 1861 885 1873 u———-

722 1969 861 2039 nexui.
897 2070 900 2075 ,

624 2128 817 2172 venandam
839 2126 952 2169 annam

272 2238 575 2302 Anoflfflrlscoro
596 2234 833 2304 GNESNENSI,
853 2231 1038 2293 nrtscoro
1057 2231 1322 2293 POSNANIENSI

590 2360 739 2414 nunsouu
755 2358 814 2406 sax
830 2357 990 2406 rancoris

527 2455 760 2534 CLEMENS
787 2456 915 2532 PAPA
935 2454 1049 2533 XIV.

998 2634 1097 2688 Romae,
1109 2630 1218 2680 dmartii
1238 2635 1308 2682 1773.

265 2740 464 2810 Venerabilis,
473 2796 478 2804 ,
486 2745 543 2800 etc.
565 2737 772 2800 Incredibilem
785 2737 954 2800 molestiam
967 2754 1003 2798 ac
1016 2736 1152 2797 dolorem
1167 2736 1271 2798 animo
1283 2739 1375 2819 oepi-

219 2854 303 2913 mus,
316 2835 498 2898 Venerabilis
512 2834 626 2913 Frater,
648 2855 686 2897 ex
705 2835 817 2897 nuncio
838 2835 877 2896 ad
889 2836 951 2896 Nos
963 2834 1054 2896 allato
1067 2832 1111 2894 de
1122 2833 1270 2913 proximis
1285 2837 1374 2916 regui

219 2934 306 2996 vestri
320 2934 464 3012 comitiis,
481 2941 623 3014 metuque
638 2952 674 2995 ac
687 2931 883 3014 suspensione
898 2949 959 2992 nou
971 2928 1115 2991 mediocri
1128 2929 1223 2991 Nobis
1238 2930 1371 3010 injecta,

219 3031 320 3111 nequi
333 3031 612 3093 conatusadversns
625 3030 717 3092 divini
733 3031 831 3093 cultus
847 3030 1049 3110 integritatem
1058 3029 1089 3091 in
1101 3028 1137 3090 iis
1151 3029 1299 3108 exutam,
1313 3049 1377 3094 nec

223 3146 283 3189 non
306 3147 371 3208 quae
393 3127 537 3190 coitiones
558 3129 596 3191 ad
610 3129 851 3190 labefactandam
871 3128 1052 3190 catholicam
1067 3135 1157 3209 atque
1178 3129 1289 3192 avitam
1304 3135 1376 3194 Poa

219 3224 304 3284 louiae
316 3226 489 3305 religionem
498 3226 582 3287 liant,
597 3229 699 3307 Tantas
707 3226 970 3307 rei'maguitudine
980 3245 1016 3288 ac
1028 3227 1164 3308 periculo
1173 3222 1370 3295 vehementer
1393 3239 1396 3244 '

220 3320 363 3381 commoti
384 3320 488 3382 adbel
506 3321 650 3383 altissimi
664 3320 798 3401 presidia
808 3322 997 3404 imploranda
1013 3324 1157 3387 continuo
1170 3343 1290 3387 ornnem
1305 3343 1372 3388 cu·-

218 3432 284 3475 ram
298 3432 333 3476 ac
351 3417 562 3496 cogitationem
576 3422 710 3478 nostram
731 3421 942 3482 convertimus.
958 3420 1054 3492 'Illum
1074 3421 1176 3503 itaque
1193 3422 1370 3486 enixissime
1435 3416 1439 3423 ’

218 3517 368 3598 deprecati
379 3537 500 3596 sumus,
515 3522 549 3580 ut
557 3517 813 3600 quemadmodum
826 3519 976 3599 religionis
990 3519 1182 3583 sanctitatem
1198 3521 1230 3583 in
1244 3521 1372 3586 natione

218 3621 315 3676 vestra
332 3615 513 3677 incolumem
530 3615 676 3678 hactenus
694 3615 935 3681 constantissime
955 3616 1132 3696 servaverit,
1158 3624 1190 3680 et
1208 3619 1372 3699 >egregiam

165 3713 166 3716 ’
217 3711 434 3795 Episcoporum
454 3712 485 3774 in
497 3712 686 3776 caecemime
703 3714 828 3776 tutanda
842 3733 965 3795 operam
983 3733 1047 3776 esse
1064 3716 1208 3794 voluerit,
1220 3717 1265 3779 ita
1284 3735 1372 3782 nunc

217 3808 247 3868 in
265 3815 295 3870 te
310 3815 340 3870 et
355 3809 461 3870 ceteris
476 3810 703 3883 Venerabilibus
717 3810 888 3889 Fratribus,
902 3812 954 3892 qui
975 3811 1115 3892 presides
1134 3831 1170 3874 ac
1183 3812 1289 3893 vigiles
1312 3819 1372 3879 Do

217 3903 328 3968 minico
336 3905 417 3986 gregi
431 3907 627 3968 custodiendo
645 3906 798 3969 constituti
811 3907 882 3969 estis
897 3926 1003 3989 parem
1014 3909 1092 3986 vim,
1110 3927 1146 3971 ac
1157 3909 1303 3973 virtutem
1313 3931 1373 3975 ex-

217 4004 288 4066 citet
298 4011 329 4066 et
342 4023 401 4066 sue
415 4004 519 4065 divina
529 4005 631 4084 gratia
644 4004 790 4067 beneficio
801 4004 932 4068 similem
945 4007 1087 4085 preclare
1101 4004 1230 4067 defensae
1241 4014 1272 4068 ct
1289 4027 1374 4071 con-

217 4108 339 4162 servate
359 4100 429 4163 fidei
440 4108 570 4163 vestram
583 4120 648 4163 esse
659 4101 780 4163 laudem
790 4100 893 4164 faciat.
914 4102 977 4163 Etsi
992 4102 1023 4163 iu
1036 4101 1236 4182 gravissimis,
1253 4103 1373 4184 quibus

216 4201 375 4274 propterea
399 4196 565 4278 premimur
585 4198 744 4259 curishac
767 4196 859 4259 divini
877 4198 1005 4278 presidii
1026 4196 1137 4259 fiducia
1159 4197 1370 4279 sublevemur,

217 4306 327 4368 vosque
341 4292 418 4355 illius
439 4312 497 4373 ope
516 4292 609 4355 fretos
629 4311 740 4374 magno
760 4300 791 4357 et
812 4294 961 4356 constanti
983 4294 1083 4357 animo
1105 4293 1137 4355 in
1158 4296 1256 4356 Domo
1273 4297 1369 4359 lsrael

217 4386 329 4447 tuenda
338 4389 508 4467 adfuturos,
521 4395 552 4451 et
564 4390 733 4452 Venerabili
749 4390 847 4452 Fratri
860 4391 992 4470 Josepho
1009 4389 1249 4472 Archiepiscopo
1262 4393 1367 4473 Beryti

217 4480 367 4544 ordinario
377 4496 480 4553 nostro
489 4486 650 4550 inPolonia
662 4488 777 4551 Nimcio
791 4489 821 4550 in
833 4488 863 4550 id
877 4488 975 4569 ipsum
990 4490 1173 4552 incumbenti
1187 4490 1367 4570 adjumenta
