3188 5414
484 491 667 546 El’lSTOLAE
685 491 730 544 ET
747 489 882 544 BREVlA
901 488 1133 546 SELECTlORll.
1328 500 1381 549 235

237 594 352 656 Gallica
370 592 481 656 ditione
489 594 579 674 positi
594 594 681 657 saluti
700 601 732 657 et
745 593 932 656 conscientia
952 595 1157 675 tranquillitati
1174 598 1377 662 consulamus.

231 689 281 751 Ad
295 689 326 750 id
336 689 526 769 potissimum
540 710 587 770 ea,
599 710 692 773 quam
710 690 883 770 significasti
893 689 1009 753 ratione
1020 690 1214 771 impellimur,
1226 711 1334 774 nempe
1348 696 1378 756 in

232 785 371 851 universa
382 787 514 864 Alsatia,
532 807 617 850 more
636 789 667 851 id
680 807 745 850 esse
757 788 904 871 positmn,
919 806 956 848 ac
976 787 1109 868 reputari
1129 788 1248 851 sublata
1262 789 1378 851 dierum

229 881 375 944 festorum
389 884 602 962 celebratione,
614 886 765 949 sublatam
774 887 866 949 etiam
876 903 941 949 esse
952 885 1165 965 obligationem
1174 887 1378 966 jejuniorum,

231 1000 297 1061 qua
311 981 379 1044 illos
391 982 456 1044 dies
472 983 692 1062 precedebant.
706 985 771 1046 llao
791 983 879 1062 igitur
898 981 1116 1045 consuetudine
1136 984 1268 1047 maxime
1286 984 1379 1047 innixi

230 1079 393 1158 expetitam
413 1079 590 1143 facultatem
611 1099 667 1162 pro
687 1080 827 1144 Dioecesis
847 1086 905 1142 tua
919 1085 1006 1160 parte
1027 1080 1057 1140 in
1069 1081 1184 1145 Alsatia
1196 1081 1295 1162 posita
1322 1083 1378 1147 tibi

229 1175 434 1255 indulgemus,
448 1184 552 1240 tamen
564 1179 704 1242 cautione
713 1179 848 1242 adhibita
858 1203 866 1241 ε
878 1179 972 1242 altera
980 1178 1136 1258 nimirum,
1145 1185 1178 1240 ut
1189 1197 1227 1242 ne
1238 1180 1269 1242 in
1278 1180 1379 1243 edicto

227 1293 284 1352 pro
299 1273 419 1337 dierum
439 1275 585 1341 festorum
603 1277 811 1341 imminutione
826 1296 845 1341 a
865 1284 895 1339 te
916 1276 1055 1339 iaciendo
1068 1271 1258 1340 ulla'snblati
1268 1279 1377 1356 ieiunii

225 1371 338 1433 mentio
356 1371 425 1449 fiat,
443 1390 514 1434 oum
528 1374 626 1454 ipsum
644 1374 704 1437 boc
717 1374 868 1436 silentium
886 1372 947 1435 illic
960 1392 996 1435 ex
1022 1373 1151 1454 regionis
1162 1391 1286 1455 usupro
1300 1392 1379 1437 con-

224 1468 358 1531 cessione
385 1469 490 1531 baberi
503 1470 613 1551 possit,
639 1489 770 1553 cumque
792 1471 897 1551 aliquae
918 1469 1086 1535 tibidcesse
1107 1487 1169 1531 non
1190 1470 1305 1550 possint
1323 1472 1377 1534 ria

224 1564 349 1643 quibus,
360 1565 384 1628 si
395 1565 438 1629 ita
449 1584 526 1648 opus
539 1567 643 1647 fuerit,
656 1568 829 1649 hujusmodi
840 1568 995 1633 concessio
1007 1567 1045 1633 ad
1057 1567 1162 1648 populi
1174 1567 1376 1648 cognitionem
1460 1557 1465 1565 ’

223 1666 387 1742 perveniat.
403 1666 507 1727 Altera
520 1668 620 1730 cautio
637 1677 702 1746 est,
719 1677 754 1732 ut
773 1687 812 1731 ne
830 1668 894 1730 haec
908 1667 1001 1730 tacita
1016 1666 1201 1746 jejuniorum
1220 1666 1375 1746 abnegatio

223 1779 281 1840 pro
298 1762 440 1824 Alsaltica
457 1769 578 1827 tantum
596 1772 655 1828 tua
670 1766 806 1831 diaecesis
825 1771 913 1847 parte
929 1780 1088 1841 concessa,
1108 1764 1208 1843 aliqua
1225 1763 1376 1844 interpre-

223 1858 306 1919 tandi
326 1859 466 1938 licentia,
494 1868 547 1924 aut
559 1881 661 1927 errore
672 1864 712 1927 ad
733 1865 861 1926 aliatus
879 1861 1014 1925 dioecesis
1027 1863 1096 1922 loca
1120 1867 1205 1922 extra
1224 1861 1373 1923 Alsatlam
1492 1903 1498 1916 .

223 1955 322 2034 posita
336 1955 512 2021 traducatur
523 1965 613 2039 atque
626 1961 820 2024 extendatur.
833 1962 868 2021 ln
888 1960 924 2022 iis
937 1959 1019 2021 enim
1031 1957 1105 2020 loeis
1119 1958 1218 2019 valere
1230 1957 1373 2032 omnino,

223 2056 314 2132 alque
328 2052 429 2116 induci
439 2055 594 2133 volumus,
611 2056 649 2120 de
658 2056 744 2120 festis
761 2075 797 2119 ac
806 2056 928 2136 jejuniis
937 2056 1048 2135 legem,
1063 2073 1191 2135 eamque
1199 2054 1375 2132 jambacte·

223 2170 282 2212 nus
305 2151 418 2213 ibidem
433 2172 452 2214 a
470 2159 501 2215 te
520 2153 677 2217 inductam
696 2173 732 2217 ac
749 2155 904 2235 vulgatam
923 2172 1093 2217 censemus.
1110 2153 1211 2215 Habes
1231 2153 1333 2232 itaque
1355 2173 1374 2215 a

171 2263 174 2269 ·
227 2250 339 2325 Nobis,
356 2268 448 2330 qnam
458 2252 618 2331 postulasti
628 2251 824 2329 lacultatem,
835 2250 1021 2315 Venerabilis
1034 2253 1149 2329 Frater,
1163 2268 1257 2331 quam
1270 2250 1324 2311 tibi
1336 2269 1373 2312 eo

221 2348 359 2412 libentius
374 2348 517 2429 impertiti
527 2367 643 2427 sumus,
657 2349 810 2431 quodtuis
820 2349 1021 2429 singularibus
1030 2349 1181 2428 Nobisque
1190 2347 1375 2428 perspectis-

221 2445 303 2506 simis
310 2445 449 2507 laudibus
462 2446 571 2508 eadem
584 2452 615 2511 tc
625 2465 752 2509 usurum
758 2447 809 2509 illo
819 2447 922 2510 animo
929 2447 1052 2524 scimus,
1060 2464 1122 2526 quo
1134 2444 1252 2507 aNobis
1260 2463 1376 2507 conce-

220 2541 312 2618 ditur,
321 2541 426 2602 divinae
440 2541 578 2603 videlicet
590 2543 691 2621 gloria
703 2551 733 2604 et
745 2542 848 2624 populi
855 2543 899 2603 tui
910 2542 1014 2604 salutis
1023 2540 1252 2603 studiosissimo.
1264 2543 1372 2602 Parem

221 2658 257 2698 ac
278 2639 369 2701 rebus
386 2639 416 2700 in
429 2639 570 2701 omnibus
587 2658 671 2720 aque
689 2659 760 2718 erga
774 2646 804 2701 te
827 2657 1011 2720 propensam
1030 2644 1166 2700 nostram
1186 2639 1371 2700 voluntatem

223 2755 341 2815 semper
354 2737 488 2798 suturam
502 2737 691 2817 profitemur,
706 2744 797 2818 atque
808 2738 840 2798 in
852 2738 943 2817 hujus
957 2737 1119 2818 pontificiae
1129 2736 1262 2798 caritatis
1273 2737 1368 2798 mani-

222 2833 324 2894 lestius
346 2833 456 2914 pignus
480 2837 678 2915 apostolicam
696 2836 937 2900 benedictionem
958 2837 1034 2914 tibi,
1051 2834 1235 2896 Venerabilis
1253 2836 1368 2912 Frater,

224 2938 337 3010 tuoque
349 2931 486 2994 universo
498 2934 613 3012 populo
628 2940 821 3012 peramanter
833 2933 1033 3015 impertimur.
1048 2937 1163 2997 Datum
1174 2935 1286 3004 Remu,
1298 2944 1368 3006 ele„

220 3028 270 3087 die
283 3030 449 3106 ajanuarii
466 3040 553 3099 1⁷7³,
562 3033 755 3109 pontificatus
768 3036 863 3093 nostri
874 3051 953 3092 anno
964 3040 1082 3111 quarto.

738 3260 846 3331 CCXI.

340 3447 341 3450 ,
572 3414 822 3460 mumlbluus
840 3417 1013 3461 FRATRIBUS

264 3514 505 3578 aasumensi
526 3519 828 3584 ancumrnmao
847 3525 896 3583 nr
916 3525 1114 3587 namursi
1135 3488 1318 3588 drrscoro

529 3639 760 3728 CLEMENS
788 3644 917 3721 PAPA
943 3645 1052 3721 XIV.

950 3798 1046 3856 Roman,
1064 3801 1092 3844 15
1103 3795 1215 3847 februarii
1234 3802 1300 3848 1773.

262 3890 467 3961 venerabiles,
488 3898 543 3953 eto.
560 3892 687 3956 Ceteras
703 3895 780 3958 inter
793 3898 1029 3978 sollicitudines,
1052 3908 1083 3962 et
1096 3903 1254 3983 pastoralis
1272 3902 1362 3966 officii

215 4006 320 4064 curas,
335 3986 373 4048 ad
392 3986 475 4067 quod
495 3987 584 4049 nullis
602 3991 711 4054 nostris
734 3996 868 4073 meritis,
884 3997 939 4058 sed
959 3997 1047 4059 unius
1069 3997 1176 4061 divina
1199 3999 1363 4061 clementie

214 4083 351 4160 largitate
366 4083 462 4144 vocati
472 4080 605 4162 fuimus,
619 4104 688 4149 eam
704 4108 824 4174 semper
842 4095 992 4175 precipuo
1006 4096 1100 4159 Nobis
1110 4098 1178 4159 loco
1191 4097 1363 4159 hahendam

214 4180 450 4243 existimavimus
459 4228 467 4259 ,
476 4200 537 4262 qua
550 4202 653 4246 sacros
667 4190 839 4268 operarios,
851 4191 903 4271 qui
917 4192 1062 4272 peculiari
1081 4193 1213 4273 quadam
1227 4192 1360 4271 ratione,
1456 4192 1459 4198 ’

213 4279 446 4360 arctissimisque
454 4280 521 4342 vitae
532 4283 676 4363 regularis
682 4287 808 4350 vinculis
821 4291 883 4350 Deo
896 4292 1059 4372 mancipati
1070 4292 1099 4352 in
1112 4291 1231 4353 vineam
1241 4293 1360 4355 Domini

214 4378 412 4441 excolendam
432 4399 503 4441 suos
526 4399 633 4446 omnes
645 4386 804 4449 conferunt
816 4389 946 4467 labores,
963 4391 1106 4471 singulari
1117 4393 1256 4472 prosequi
1272 4399 1360 4456 tene-

214 4490 282 4533 mur
298 4473 422 4555 affectu,
435 4497 585 4558 propensa
601 4480 701 4545 lovere
719 4485 890 4565 voluntate,
915 4508 949 4550 ac
963 4489 1234 4554 beneficentissimo
1252 4493 1357 4555 lulcire
