3188 5414
329 506 379 558 tta
757 501 959 557 CLEMENTIS
977 496 1042 553 XlV

323 607 439 688 Quippe
451 607 560 671 eximia
574 607 652 668 inter
666 626 697 668 se
712 606 845 667 caritatis
859 605 1000 666 societate
1012 600 1162 688 conjuncti
1175 622 1247 665 curn
1243 601 1296 664 de
1309 604 1483 669 semodice

324 703 476 781 sentiunt,
491 724 527 769 ιο
538 705 680 786 sibiipsis
698 704 805 784 singuli
829 704 901 765 nihil
917 707 1074 781 arrogant,
1087 700 1175 763 turn
1168 719 1198 763 in
1211 686 1339 764 aliorum
1358 705 1483 784 perspi-

324 801 431 866 cienda
452 803 562 883 virtute
582 809 653 866 sunt
674 802 871 866 solertissimi
891 800 1019 863 Proinde
1039 818 1092 861 vos
1115 816 1172 860 nec
1191 798 1308 879 privati
1319 799 1482 862 commodi

323 899 471 976 rationes,
486 917 543 962 neo
553 917 723 982 cujuspiam
734 901 845 981 gratia,
857 918 954 980 neque
964 898 1025 960 ulla
1034 895 1167 978 partium
1180 893 1279 958 studia
1292 913 1395 957 evera
1406 915 1483 959 ves-

324 1004 372 1059 tra
385 997 485 1076 laude,
498 1004 588 1079 atque
601 997 729 1060 utilitate
749 1003 875 1079 possunt
892 994 1052 1059 deducere.
1073 996 1152 1057 Tum
1166 1002 1248 1055 recte
1264 991 1392 1072 siugulis
1412 993 1480 1057 lore

326 1094 479 1177 provisum
490 1094 613 1176 putatis,
627 1114 698 1158 cum
707 1095 846 1176 preclare
858 1093 915 1155 erit
925 1091 1096 1155 consultum
1105 1089 1261 1166 universis,
1274 1095 1342 1151 tum
1353 1089 1480 1153 beamm

324 1209 360 1254 ιο
382 1191 538 1255 florentem
562 1192 716 1276 publicam
733 1210 800 1255 rem
819 1198 951 1253 vestram
974 1190 1131 1270 futuram,
1156 1206 1225 1249 enm
1244 1187 1429 1266 sanctitate,
1449 1197 1481 1251 et

324 1289 461 1352 doctrina
474 1289 587 1370 vigebit
604 1312 611 1350 :
625 1288 706 1349 bunc
720 1307 793 1350 vero
811 1287 1005 1349 excellentem
1015 1284 1133 1346 virtutis
1148 1290 1265 1346 statum
1279 1290 1347 1345 tum
1357 1283 1480 1365 potissi-

325 1405 409 1450 mum
424 1387 608 1464 babituram,
621 1405 692 1448 curn
705 1405 776 1448 eum
790 1386 899 1451 ducem
911 1429 919 1462 ,
930 1403 965 1446 ιο
977 1383 1136 1465 praesidem
1151 1388 1240 1445 nacta
1251 1381 1359 1460 luerit,
1370 1383 1426 1463 qui
1441 1385 1481 1446 sit

325 1488 408 1549 omni
419 1487 597 1568 integritatis
608 1486 764 1562 doctrinae,
776 1483 941 1565 gravitatis,
954 1481 1119 1545 sanctitatis
1126 1499 1234 1561 genere
1247 1481 1475 1545 ornatissimus.

325 1584 478 1666 Siquidem
489 1585 515 1646 ls
527 1585 638 1666 poterit
651 1590 776 1647 caeteros
786 1582 900 1645 naviter
910 1582 949 1644 ad
957 1599 1078 1644 omnem
1089 1580 1210 1644 laudem
1219 1580 1373 1662 impellere
1386 1626 1395 1659 ,
1410 1582 1477 1662 qui,

323 1681 405 1761 quod
418 1700 436 1743 ι
447 1681 569 1762 reliquis
582 1680 725 1762 efflagitat
736 1726 744 1757 ,
755 1679 819 1761 ipse
832 1685 920 1743 antea
930 1679 1074 1746 eximium
1083 1678 1260 1741 obedientie
1274 1697 1310 1740 ac
1323 1679 1480 1742 humilita-

324 1781 365 1842 tic
379 1781 530 1862 specimen
539 1780 670 1857 dederit,
685 1779 737 1861 qui
751 1779 973 1860 simplicitatem
986 1779 1169 1860 prudentiae,
1188 1779 1345 1841 lenitatem
1359 1781 1480 1842 severi-

325 1877 392 1955 tati,
409 1878 583 1958 religionem
596 1896 632 1940 ιο
645 1877 790 1958 pietatem
806 1874 1030 1939 mansuetudini
1054 1894 1238 1956 summaeque
1249 1875 1280 1937 in
1292 1893 1401 1937 omnes
1423 1897 1474 1939 οι-

325 1974 406 2037 ritati
424 1976 604 2054 conjungat,
625 1974 677 2056 qui
697 1974 868 2055 increpare,
881 1980 912 2035 et
932 1972 1108 2050 obsecrare,
1128 1972 1236 2034 docere
1249 1978 1341 2055 atque
1359 1973 1479 2038 hortari

328 2079 396 2152 apte
417 2072 491 2134 sciat
503 2117 512 2138 .
526 2072 578 2153 qui
598 2071 728 2152 denique
745 2069 907 2151 spiritualis
924 2070 991 2132 vitae
1011 2069 1150 2131 ardorem
1167 2069 1315 2148 excitare,
1336 2075 1369 2131 et
1392 2071 1478 2133 illam

326 2169 491 2232 sanctitatis
504 2168 707 2249 praestantiam
719 2187 737 2230 a
747 2167 845 2248 prirno
863 2174 987 2248 parente
1002 2174 1113 2248 ,atque
1125 2167 1296 2230 institutore
1310 2167 1478 2233 deductam

328 2267 360 2327 in
369 2267 505 2328 omnium
519 2267 637 2328 animos
648 2265 782 2326 derivare
797 2266 904 2346 possit.
918 2266 1061 2344 Magnum
1077 2265 1211 2346 prolecto
1222 2285 1258 2327 ιο
1268 2266 1422 2348 singulare
1430 2278 1479 2333 est

328 2363 495 2443 quidpiam,
511 2381 606 2424 unum
624 2363 688 2424 hec
703 2369 814 2423 cuncta
824 2380 912 2442 posse
935 2363 1111 2442 complecti,
1129 2381 1196 2442 qua
1207 2362 1237 2425 in
1252 2369 1337 2428 tanto
1348 2384 1478 2431 munere

322 2459 454 2539 gerendo
467 2448 657 2541 requirimus.
673 2459 731 2520 Sed
743 2466 845 2521 extant
864 2460 981 2541 ampla,
994 2466 1084 2541 atque
1106 2460 1252 2538 illustria,
1264 2480 1332 2542 quae
1345 2481 1478 2527 conseo-

323 2564 403 2618 tetur
416 2558 555 2638 exempla
572 2574 693 2632 eorum,
718 2555 770 2636 qui
785 2556 959 2634 hujusmodi
973 2557 1062 2619 laude
1080 2558 1261 2639 jampridem
1279 2558 1476 2640 claruerunt,

210 2685 212 2690 ·
325 2662 355 2716 et
376 2654 468 2734 hujus
486 2654 598 2736 ipsius,
618 2673 710 2735 quem
730 2661 908 2735 presentem
929 2655 1101 2733 intuemur,
1116 2650 1266 2737 quemque
1285 2657 1326 2718 ob
1342 2660 1477 2724 eundern

322 2751 529 2834 magistratum
542 2771 647 2815 recens
653 2751 769 2832 egregie
776 2757 893 2832 gestum
903 2752 1031 2814 latemur
1044 2753 1157 2816 aNobis
1165 2755 1331 2835 plurimum
1341 2763 1373 2818 et
1384 2777 1478 2823 coru-

272 2857 274 2861 ’
322 2849 457 2912 mandari
470 2895 479 2928 ,
492 2857 523 2912 et
539 2850 632 2930 diligi.
652 2852 715 2912 llos
728 2850 829 2931 itaque
852 2850 1015 2929 imitemur,
1034 2858 1064 2919 et
1081 2870 1210 2932 quorum
1224 2853 1321 2932 gradu
1336 2854 1476 2934 insistet,

324 2946 489 3011 eorundem
500 2948 701 3030 prestantium
712 2948 833 3012 reserat.
847 2950 940 3013 Facta
950 2950 1127 3032 presertim,
1136 2957 1168 3012 et
1178 2951 1304 3014 consilia
1315 2952 1476 3035 Seraphici

324 3043 421 3106 Patris
430 3045 545 3123 omnia,
556 3054 588 3107 et
601 3046 675 3108 illud
683 3053 785 3109 sancte
798 3046 915 3111 vivendi
925 3055 1081 3130 tamquam
1095 3048 1294 3129 clarissimum
1301 3049 1359 3112 sibi
1369 3051 1477 3116 lumen

325 3140 363 3202 ad
383 3142 572 3221 sequendum
596 3151 760 3224 proponat,
784 3163 820 3206 ιο
842 3145 961 3207 assidue
983 3148 1216 3228 contempletur.
1239 3147 1299 3208 Sed
1321 3150 1477 3214 celestem

327 3257 419 3319 opem
433 3239 571 3348 exquirat
589 3241 720 3302 maxime
742 3248 832 3322 atque
853 3242 1015 3323 imploret:
1034 3243 1187 3354 coningiat
1198 3244 1236 3305 ad
1250 3246 1432 3326 sanctitatis,
1445 3258 1478 3311 et
1586 3290 1588 3295 -

323 3336 472 3401 bonorum
488 3335 624 3397 omnium
644 3343 799 3399 auctorem
820 3339 946 3402 Deum'
939 3358 1057 3420 ipsum,
1072 3341 1121 3403 cui
1137 3340 1188 3402 uni
1204 3341 1362 3416 inserviet,
1384 3347 1477 3425 cuius

322 3449 447 3495 causam
459 3438 522 3493 sust
510 3431 637 3493 tinebit.
630 3434 865 3514 eiuspraesidio
876 3437 1033 3500 semuniat
1044 3485 1052 3516 ,
1064 3439 1115 3520 qui
1129 3439 1206 3502 vires
1222 3440 1260 3501 ad
1274 3441 1395 3520 eadem,
1405 3462 1477 3526 qua

321 3527 473 3610 postulat,
497 3527 664 3608 largissime
682 3521 869 3609 impartitur,
891 3552 962 3595 eum
982 3534 1061 3596 illius
1082 3555 1140 3616 ope
1166 3536 1254 3598 unice
1275 3536 1474 3603 confidimus

320 3624 408 3684 llunc
431 3621 532 3702 igitur,
553 3622 721 3702 quemhec
746 3624 900 3704 aptissime
917 3635 1127 3708 prestaturum
1152 3630 1348 3709 cognoscitis,
1369 3631 1475 3695 dilecti

320 3718 387 3792 filii,
417 3717 532 3781 ostendi
559 3719 644 3781 vobis
662 3739 680 3781 ι
701 3721 850 3800 Domino,
873 3743 965 3804 quem
989 3725 1082 3805 eligi
1075 3745 1139 3807 ipse
1164 3727 1236 3792 velit
1247 3773 1255 3805 ,
1224 3727 1471 3792 texistimate.

320 3817 449 3897 Spiritus
466 3817 594 3879 Sanctus
616 3816 655 3879 de
674 3819 746 3881 calo
769 3820 950 3900 delabentis,
968 3830 1059 3904 atque
1082 3827 1288 3905 apostolorum
1306 3827 1402 3890 corda
1428 3830 1474 3892 in-

322 3912 508 3977 flammantis
533 3915 700 4001 memoria,
728 3935 821 3996 quam
847 3937 927 3980 nuno
950 3928 1119 4002 opportune
1146 3923 1325 4002 recolimus,
1353 3932 1473 3990 vestros

320 4015 414 4078 ctiam
437 4015 577 4092 excitari,
602 4022 692 4097 atque
716 4016 832 4079 incendi
863 4018 979 4081 animos
1000 4020 1101 4101 palam
1122 4020 1211 4083 facite
1233 4045 1241 4082 ε
1264 4022 1349 4084 illum
1371 4042 1473 4089 unum

321 4120 491 4191 auctorem,
506 4120 538 4176 et
555 4114 760 4177 consiliarium
774 4115 805 4177 in
830 4114 979 4197 suffragiis
998 4118 1127 4181 terendis
1148 4119 1298 4186 adhibete.
1312 4124 1386 4186 Date
1410 4123 1472 4186 hoc

320 4209 438 4271 Nobis:
431 4211 519 4274 hoc
539 4217 643 4274 vestrae
662 4212 762 4274 virtut
755 4233 780 4276 rs
798 4215 935 4324 presenti
960 4218 1133 4281 testimonio
1155 4227 1291 4287 nostram
1310 4222 1349 4284 de
1380 4225 1471 4287 vobis

320 4305 576 4384 praeclarissimam
587 4307 771 4389 opinionem,
787 4330 823 4373 ιο
836 4311 977 4374 eximiam
988 4313 1018 4376 in
1033 4334 1087 4378 vos
1097 4317 1338 4384 benevolentiam
1354 4322 1469 4403 ampli-

320 4400 419 4463 ficate.
441 4403 575 4467 Eandem
584 4404 701 4484 jamdiu
713 4405 864 4486 quidem
855 4427 886 4470 ιιι
901 4427 954 4470 vos
971 4417 1144 4493 susceptam
1165 4414 1268 4493 augeri
1285 4414 1419 4477 maxime
1438 4417 1480 4481 in¹

318 4498 392 4576 dies,
401 4504 488 4579 atque
498 4503 667 4570 adolescere
679 4523 796 4585 semper
805 4525 974 4568 sensimus
987 4514 1017 4569 et
1026 4527 1095 4570 cum
1104 4509 1211 4572 deinde
1219 4511 1257 4572 ad
1268 4511 1477 4591 apostolicam,
