3188 5414
387 515 571 569 EPISTOLAE
588 515 634 567 ET
654 507 787 567 Bnuvll
807 514 1038 568 setncrtonn.
1254 524 1288 572 43
1392 580 1395 585 ,

141 627 171 684 iu
188 624 240 699 ils,
262 640 328 701 quae
343 620 382 681 ad
397 624 490 681 Deum
505 626 590 695 sunt,
611 625 641 679 et
656 626 803 698 tauquam
816 619 993 698 interpretes
1017 637 1053 679 ac
1069 622 1212 698 sequestri
1227 624 1288 683 saris

141 721 300 797 conjuncta
313 717 454 798 precibus
467 716 604 777 omnium
618 721 689 776 vota
701 715 829 776 Doudrm
840 720 1076 795 repraesentant?

179 820 248 877 tam
267 833 339 877 vero
356 821 473 876 ceteras
482 813 643 894 pastoralis
656 812 746 872 officii
762 818 862 892 partas
877 812 1049 891 diligentius
1063 811 1149 873 vobis
1159 830 1290 892 percen-
1409 834 1411 838 ⁴

140 932 204 975 sere
224 900 481 993 supervacaneum
492 911 643 972 ducimus.
656 908 732 984 Quid
752 909 833 970 euim
847 908 964 987 singula
976 906 1205 988 persequamur,
1215 927 1290 970 vos-

139 1030 198 1090 que
211 1010 250 1071 de
262 1011 301 1071 iis
312 1009 519 1086 oobortemnr,
531 1024 662 1088 quorum
677 1005 872 1084 intelligentia
888 992 1032 1086 praeclare
1049 1005 1213 1073 instructos
1223 1022 1290 1066 esse

138 1107 293 1182 novimus,
312 1105 456 1166 diuturno
465 1105 592 1185 insuper
601 1121 677 1180 usu,
692 1094 881 1183 etquadam,
895 1101 988 1163 animi
1004 1100 1178 1163 inductione
1188 1108 1290 1163 vestro
1306 1155 1307 1158 ,

139 1205 256 1266 muneri
282 1210 484 1266 consentanea
507 1201 722 1264 confirmatori
743 1201 820 1262 illud
844 1200 1057 1263 tautrrmmodo
1080 1216 1143 1260 uon
1164 1200 1290 1260 omitte·

138 1318 225 1378 mus,
250 1307 363 1381 utque
380 1318 441 1362 uno
462 1299 676 1380 comprehendi
694 1299 798 1360 omnia
812 1298 979 1375 credimus,
995 1297 1081 1360 vobis
1095 1303 1164 1358 ante
1184 1298 1289 1359 oculos

138 1416 199 1458 non
211 1397 423 1477 subjiciamus,
434 1403 567 1458 vestram
581 1395 694 1457 scilieet
706 1395 848 1456 virtutem
861 1395 1026 1456 excitantes
1037 1393 1076 1454 ad
1089 1393 1176 1454 ducis
1193 1395 1289 1455 nostri

110 1557 113 1560 ,
138 1512 175 1555 ac
187 1500 345 1574 pastorum
364 1493 509 1576 principis
519 1491 755 1554 absentandum
770 1490 800 1551 in
813 1490 955 1552 omnibus
965 1491 1130 1570 exemplar,
1144 1495 1235 1570 atque
1248 1490 1289 1550 il-

139 1590 191 1650 lud
205 1589 388 1667 sanctitatis,
410 1589 562 1667 caritatis,
583 1586 762 1650 humilitatis
781 1587 976 1668 specimenin
992 1586 1164 1667 vobisipsis
1184 1586 1290 1667 expri-

139 1687 295 1748 mendum.
311 1689 341 1748 Si
355 1688 436 1755 enim
452 1687 501 1748 ille
513 1705 585 1748 cum
595 1687 692 1748 Patris
708 1685 753 1747 sui
765 1685 868 1765 gloriae
878 1683 1020 1766 splendor
1030 1691 1128 1760 esset,
1143 1690 1174 1746 et
1191 1684 1289 1763 ligura

138 1784 314 1845 substantie
327 1785 408 1862 ejus,
420 1791 574 1864 assumpta
585 1782 684 1845 carnis
695 1789 807 1844 nostrae
820 1783 997 1843 infirmitate
1008 1781 1147 1844 homines
1160 1800 1179 1842 a
1192 1782 1288 1843 servi-

138 1889 202 1942 tute
216 1900 271 1961 per
281 1882 484 1943 bumilitatem
495 1887 526 1941 et
536 1881 695 1941 caritatem
703 1879 870 1940 vindicatos
880 1879 913 1938 iu
923 1879 977 1939 Ilei
994 1879 1073 1939 tilios
1090 1877 1244 1956 adoptari,
1256 1887 1287 1938 et

138 1977 309 2045 rolvaeredes
321 1995 393 2039 suos
406 1976 470 2037 fieri
484 1975 594 2051 voluit,
606 1991 740 2054 quanam
756 1975 789 2034 in
807 1993 840 2034 re
855 1973 1032 2052 gloriosius,
1045 1991 1082 2035 ae
1098 1975 1288 2055 praestantius

138 2074 335 2152 cogitationes
344 2119 353 2151 ,
363 2080 395 2134 et
405 2073 524 2135 labores
532 2073 626 2133 nostri
640 2071 752 2133 versari
766 2077 909 2152 possunt,
923 2089 1017 2149 quam
1034 2078 1069 2132 ut
1079 2071 1171 2151 hujus
1184 2071 1289 2135 bomi-

137 2187 212 2230 uum
233 2187 305 2232 cum
319 2169 437 2231 Christo
457 2167 693 2245 conjunctionis,
719 2185 756 2228 ac
770 2166 999 2228 necessitudinis
1017 2167 1136 2228 tuendae
1150 2174 1288 2230 auctores

137 2264 244 2326 ceteris
257 2265 368 2342 simus,
382 2270 414 2324 et
427 2263 457 2324 in
470 2263 520 2329 illa
531 2262 678 2324 imitanda
687 2262 842 2340 bonitatis,
854 2263 1022 2324 clementia
1030 2308 1039 2339 ‚
1048 2265 1288 2327 mansuetudinis

137 2360 240 2422 divina
252 2361 351 2431 forma
363 2360 503 2440 exemplo
515 2366 621 2420 nostro
635 2359 777 2420 omnibus
788 2358 886 2420 lacem
899 2359 1116 2440 praferamust
1128 2363 1195 2435 Qua
1207 2363 1288 2424 enim

85 2450 90 2458 ’
138 2457 196 2523 alia
209 2458 325 2519 ratione
338 2475 429 2537 super
445 2462 582 2523 montem
592 2455 746 2516 excelsum
763 2454 915 2532 aseendit,
931 2455 1182 2536 qui-evangelizat
1194 2458 1290 2520 Siout

136 2553 230 2620 Vobis
242 2553 335 2631 brrjus
348 2551 557 2615 consectandis
571 2550 773 2612 similitudinis
791 2551 941 2614 desiderio
962 2554 1055 2615 semel
1077 2554 1206 2618 incensis
1223 2557 1288 2618 fieri

137 2669 198 2712 non
211 2659 327 2732 potest,
340 2652 414 2733 quin
426 2651 509 2712 idem
521 2650 611 2711 ardor
623 2649 662 2710 ad
675 2648 765 2711 vestri
777 2649 908 2711 universi
926 2651 1032 2732 populi
1045 2659 1161 2715 mentes
1177 2654 1288 2716 confla-

136 2748 266 2830 grandas
277 2748 425 2810 dimanet.
446 2747 573 2810 ldiriiica
584 2746 732 2826 siquidem
751 2746 880 2826 pastoris
894 2746 940 2806 vis
957 2754 1003 2808 est
1020 2755 1111 2828 atque
1125 2751 1292 2812 auctoritas.

138 2844 236 2905 adsui
251 2847 349 2927 gregis
360 2846 478 2906 animos
496 2843 740 2905 commovendos.
753 2844 892 2916 Quicum
907 2843 985 2905 illius
999 2845 1197 2922 cogitationes
1205 2890 1215 2921 ,
1235 2865 1288 2908 ac-

137 2943 294 3021 tionesque
302 2959 411 3002 omnes
422 2940 461 3001 ad
475 2941 622 3000 hocverae
630 2938 750 2998 virtutis
759 2937 912 3015 specimen
920 2938 1124 3000 conlormatas
1133 2941 1271 3004 noverint
1278 2988 1286 3021 ‚

138 3054 210 3098 cum
223 3037 254 3097 in
265 3037 317 3110 illo
326 3036 400 3098 nibil
412 3052 568 3116 asperum,
584 3033 658 3094 nibil
671 3050 832 3112 arrogans,
846 3030 920 3094 nibil
929 3033 1058 3109 elatum,
1068 3053 1174 3098 verum
1187 3040 1289 3102 omnia

137 3135 288 3213 caritatis,
300 3133 557 3210 mansuetudinis,
571 3130 750 3193 humilitatis
761 3129 870 3192 officiis
880 3130 969 3209 plena
980 3130 1126 3209 viderint,
1140 3140 1206 3200 tum
1217 3155 1289 3199 vero

138 3233 285 3294 acerrime
300 3231 338 3294 ad
356 3231 480 3292 easdem
492 3228 677 3291 amulandas
690 3226 796 3290 laudes
808 3227 949 3289 incitatos
963 3245 1026 3290 sose
1044 3229 1183 3292 sentient.
1206 3234 1289 3296 Prae-

138 3337 221 3390 terea
240 3347 312 3391 cum
322 3329 454 3392 eundem
465 3328 565 3391 omnis
574 3328 698 3408 privata
709 3325 847 3388 utilitatis
864 3327 1008 3405 oblitum,
1024 3333 1192 3391 ceterorum
1200 3349 1288 3413 *oom-

139 3428 237 3488 modis
247 3428 477 3506 inservientem,
488 3427 597 3507 opibus
608 3432 745 3505 egentes,
755 3426 864 3487 solatio
875 3425 1017 3501 afflictos,
1032 3425 1171 3488 doctrina
1181 3429 1288 3508 rudes,

140 3542 246 3585 omnes
259 3524 378 3601 officio,
393 3524 536 3600 consilio,
547 3523 661 3603 pietate
672 3522 895 3602 sublevantem,
905 3523 1010 3605 populi
1020 3522 1150 3605 deniquo
1161 3525 1289 3589 salutem

19 3676 24 3685 .
140 3639 203 3681 suae
214 3620 309 3700 ipsius
326 3620 394 3681 vitre
405 3620 614 3700 preferentem
622 3618 803 3699 intelligent,
817 3621 877 3682 hoc
887 3621 1016 3700 pastoris
1026 3620 1074 3682 sui
1087 3640 1208 3698 amore,
1222 3631 1290 3684 stu-

138 3719 208 3797 dio,
230 3738 269 3781 ac
292 3719 451 3780 sedulitate
471 3719 562 3780 illecti
582 3719 779 3781 libentissime
795 3720 945 3796 docentis,
969 3720 1173 3794 cohortantis,
1196 3721 1289 3783 obse*

138 3817 262 3894 eraufis,
275 3816 429 3896 arguentis
439 3816 544 3894 etiam,
561 3823 651 3898 atque
664 3818 848 3898 increpantis
860 3834 949 3880 voces
963 3817 1097 3880 audient.
1110 3821 1187 3880 Nam
1200 3819 1288 3898 siqui

138 3917 323 3997 privatarum
335 3932 438 3977 rerum
456 3914 621 3995 cupiditate
634 3916 770 3976 obstricti
791 3915 866 3992 sint,
880 3934 916 3976 ac
929 3921 1047 3977 terrena
1059 3915 1167 3977 divinis
1186 3916 1290 3996 praele

138 4023 224 4093 rant,
239 4035 302 4097 quo
312 4020 403 4096 paeto
419 4020 561 4093 poterunt
572 4014 648 4075 alios
663 4013 701 4074 ad
715 4013 767 4073 Dei
779 4013 953 4090 caritatem,
969 4030 1005 4073 ao
1017 4020 1157 4074 mutuam
1170 4013 1246 4074 inter
1257 4032 1289 4074 se

141 4113 396 4189 benevolentiam,
417 4110 542 4187 diutim,
555 4110 776 4191 voluptatibus,
791 4109 957 4171 bonoribus
968 4109 1119 4172 inhiantes
1132 4109 1171 4171 ad
1187 4129 1290 4178 rerum
1310 4159 1311 4163 ,

139 4209 341 4271 humanarum
353 4215 577 4289 contemptum,
591 4209 672 4270 lustu
688 4228 723 4270 ac
737 4209 878 4288 superbia
889 4209 960 4270 eluti
975 4210 1013 4270 ad
1026 4208 1288 4272 mansuetudinem

39 4311 42 4319 '
139 4305 852 4387 atquebumilitateminduceretlulesudluisti
865 4308 956 4388 igitur
964 4307 1287 4388 discipliuaenrdiendi

119 4406 329 4486 ¹populicum
349 4423 461 4466 munus
474 4406 543 4467 sita
567 4407 653 4468 vobis
674 4414 865 4486 susceptum,
886 4407 917 4467 in
938 4407 1074 4485 eiusdem
1096 4407 1285 4486 potissimum

141 4503 316 4579 sanctitate,
339 4503 524 4580 innocentia,
549 4503 672 4565 lenitate
685 4503 771 4564 vobis
783 4504 840 4566 orit
859 4504 1074 4567 inhaerendum.
1097 4507 1174 4566 Tum
1188 4512 1285 4565 vestra
