3188 5414
478 489 655 545 russone
674 488 720 548 nr
738 488 874 545 naevis
892 491 1114 545 sunnonem
1320 493 1370 568 err

739 667 857 740 CCXL.

458 825 676 869 urnecrrssnro
699 827 733 868 ru
756 823 890 870 cuursro
912 827 998 869 rrcro
1020 827 1139 869 nosruo

364 920 616 983 FERDlNANDO
637 925 758 985 REGIO
779 924 1049 985 HISPANIARUM
1070 923 1230 984 INFANTI

545 1039 779 1116 CLEMENS
798 1041 926 1117 PAPA
939 1039 1045 1115 XIV.

947 1191 1072 1245 Romam
1089 1186 1222 1235 decembris
1237 1191 1305 1237 1773.

262 1288 485 1362 Dilectissimo,
511 1296 567 1347 etc.
589 1285 796 1347 Incredibilem
812 1304 883 1347 sane
904 1284 1034 1347 letitiam
1049 1284 1183 1366 cepimus
1204 1303 1240 1345 ex
1260 1302 1367 1345 aman-

223 1381 343 1444 tissimis
360 1383 465 1443 litteris
478 1381 537 1443 tuis
546 1427 554 1459 ,
576 1382 718 1462 omnique
733 1382 763 1442 in
780 1383 841 1443 Nos
851 1382 973 1458 amoris,
993 1379 1127 1462 pietatis,
1144 1399 1180 1441 ac
1193 1380 1291 1442 filialis
1308 1380 1367 1441 ob-

221 1478 374 1539 servantie
388 1478 603 1557 significatione
615 1478 803 1559 plenissimis.
815 1479 890 1540 Cum
901 1483 931 1539 te
943 1469 1062 1558 semper
1076 1476 1200 1537 mirifice
1214 1496 1250 1538 ac
1262 1477 1367 1556 singu-

221 1571 322 1633 lariter
341 1573 550 1650 dilexerimus,
572 1581 698 1655 tuasque
715 1593 774 1636 res.
786 1593 891 1636 omnes
905 1573 1029 1655 perinde
1044 1591 1080 1634 ac
1100 1579 1217 1636 nostras
1237 1580 1367 1652 paterno

222 1683 341 1730 summo
351 1670 450 1731 studio
463 1672 638 1752 prosequuti
650 1689 770 1745 sumus,
780 1671 854 1733 nibil
862 1670 1002 1750 profecto
1013 1668 1147 1731 accidere
1157 1668 1250 1730 Nobis
1258 1670 1366 1748 jucun-

220 1762 288 1825 dius
302 1785 320 1825 a
339 1773 370 1827 te
383 1767 497 1846 potuit,
511 1785 603 1847 quum
623 1768 796 1846 hujusmodi
807 1768 903 1830 amori
916 1767 948 1828 in
965 1774 995 1829 te
1008 1774 1113 1829 nostro
1126 1784 1194 1828 eam
1212 1785 1292 1828 nunc
1304 1786 1322 1829 a
1335 1775 1365 1829 te

220 1860 304 1921 reddi
319 1862 429 1941 vicem,
442 1883 502 1944 que
513 1866 621 1926 eximie
631 1872 684 1927 tna
696 1867 727 1927 iu
738 1868 799 1928 Nos
810 1867 949 1927 voluntas
960 1865 1103 1944 preclare
1115 1863 1271 1944 perspicue
1280 1881 1366 1925 cons·

220 1967 286 2019 tare
299 1968 409 2039 posset.
429 1963 561 2023 Plurima
572 1981 649 2044 srape
665 1962 890 2042 clarissimaque
901 1961 940 2023 ad
957 1963 1019 2022 Nos
1037 1960 1171 2039 ejusdem
1189 1959 1234 2020 tui
1252 1959 1284 2019 in
1303 1962 1365 2021 Nos

221 2054 313 2117 animi
325 2057 426 2118 delate
439 2067 510 2120 sunt
527 2059 653 2137 iudicia,
666 2060 777 2139 quibus
788 2060 884 2139 magis
897 2059 928 2119 in
940 2058 1003 2118 dies
1014 2057 1051 2118 ed
1068 2074 1204 2118 amorem
1214 2057 1273 2134 tui,
1288 2063 1366 2118 ture-

219 2168 279 2229 que
296 2151 415 2231 pietatis
436 2173 472 2216 ac
487 2155 636 2234 religionis
649 2155 770 2217 laudern
786 2155 1029 2217 accenderemur.
1043 2152 1141 2214 Dilata
1151 2152 1243 2214 etiam
1256 2160 1366 2214 nostra-

221 2247 260 2307 nd
275 2254 303 2308 te
319 2248 447 2311 invicem
465 2250 631 2330 gaudemus
647 2251 761 2312 eximie
777 2250 915 2324 caritatis¹
930 2249 1118 2328 testimonia,
1131 2251 1178 2311 vel
1195 2268 1266 2311 curn
1285 2250 1364 2311 filius

220 2344 273 2404 tibi
296 2345 326 2404 in
342 2353 427 2408 tauta
440 2349 536 2410 Domo
548 2355 670 2409 tuarum
685 2348 827 2409 virtutum
846 2347 967 2432 iuturus
985 2346 1081 2408 haeres
1097 2353 1187 2407 uatus
1203 2353 1298 2424 esset,
1317 2350 1363 2408 vel

219 2460 289 2501 curn
303 2443 453 2524 depositas
459 2463 524 2507 esse
533 2446 700 2508 simultates
710 2465 815 2508 omnes
825 2453 914 2527 teque
926 2447 957 2507 iu
966 2445 1250 2526 gloriosissimorum
1258 2464 1363 2526 regum

219 2541 265 2600 uvi
283 2561 318 2602 ac
334 2543 449 2622 patrui,
460 2550 618 2623 pareutum
632 2561 715 2624 praue
727 2550 867 2623 tuorum,
881 2539 1011 2624 gratiam
1019 2549 1175 2625 receptum
1185 2542 1275 2605 fuisse
1288 2563 1364 2624 pro-

219 2637 284 2699 lixis
296 2638 334 2699 ed
353 2657 405 2700 eos
420 2639 537 2720 scriptis
547 2639 652 2702 litteris
662 2685 670 2716 ,
682 2639 786 2720 tuique
804 2639 1028 2702 studiosissimis
1042 2639 1273 2717 gratularemur.
1294 2640 1363 2714 Qua

218 2754 287 2796 eum
305 2737 358 2796 tibi
376 2745 484 2798 nostrae
497 2738 527 2798 in
538 2745 568 2799 te
579 2737 791 2799 benevolentie
803 2735 979 2816 magnitudo
992 2742 1149 2815 perspecta
1169 2735 1274 2812 luerit,
1292 2755 1362 2798 eum

217 2832 247 2894 iu
258 2835 318 2895 Nos
331 2852 366 2895 ac
381 2836 522 2894 Sanctam
541 2833 622 2892 hanc
633 2831 740 2893 Sedem
761 2832 905 2893 accedere
919 2829 1040 2910 pietatis
1058 2837 1117 2889 ture
1129 2832 1286 2892 cumulum
1306 2852 1363 2894 vo-

220 2926 317 3008 luisti,
341 2936 375 2991 ut
392 2928 558 3010 quidquam
578 2928 778 3009 opportunius
794 2928 946 3007 Nobisqne
967 2927 1120 3006 acceptius
1141 2946 1179 2988 ne
1199 2930 1361 3007 excogitari

216 3025 339 3110 quidem
360 3025 502 3107 potuerit.
522 3027 713 3106 Interponere
732 3031 762 3085 te
782 3024 886 3107 scribis
905 3022 987 3105 apud
1007 3023 1130 3085 eosdem
1144 3024 1313 3088 carissimos
1332 3028 1361 3089 in

216 3122 334 3184 cbristo
348 3123 423 3185 filios
437 3129 557 3184 nostros
571 3140 672 3200 avum,
682 3140 830 3203 proavum
842 3131 873 3184 et
884 3125 1052 3205 patruelem
1063 3129 1162 3200 tuum,
1177 3127 1362 3205 praestantis-

216 3222 309 3282 simos
328 3239 411 3301 reges
427 3220 557 3302 plurima
575 3228 664 3301 atque
683 3220 794 3282 eximia
811 3220 925 3300 officia,
940 3230 975 3284 ut
988 3220 1187 3283 offensionum
1205 3224 1360 3304 omnium,

216 3340 282 3400 quae
303 3327 372 3381 ante
390 3328 528 3383 nostrum
550 3320 761 3402 pontificatum
785 3319 971 3398 inciderunt,
992 3337 1179 3401 quamquam
1195 3339 1234 3381 ex
1251 3322 1361 3385 animis

217 3419 339 3479 sublatae
353 3437 394 3480 cae
407 3419 530 3482 ornnino
548 3420 606 3482 sint
619 3419 752 3501 reliquie
763 3420 854 3482 etiam
865 3438 971 3482 omnes
984 3428 1017 3481 et
1033 3419 1160 3500 vestigia
1173 3421 1359 3501 tollerentur,

216 3516 403 3597 ditionesque
411 3517 536 3597 proinde
547 3517 718 3596 Avenionis,
729 3519 901 3595 Beneventi,
912 3524 943 3578 et
949 3517 1053 3579 Pontis
1060 3517 1146 3578 Corvi
1155 3517 1193 3578 ad
1204 3519 1360 3598 pristinam

216 3613 350 3691 ejusdem
360 3615 475 3675 Sanctae
484 3614 570 3676 Sedis
582 3615 802 3696 possessionem
812 3614 955 3676 redirent.
966 3614 1095 3692 Maiores
1103 3613 1227 3693 quidem
1238 3633 1274 3676 ac
1289 3615 1360 3676 ube·

215 3710 308 3773 riores
321 3731 418 3773 cause
428 3758 436 3788 ,
448 3731 502 3773 cnr
512 3712 696 3775 immortales
710 3713 763 3774 tibi
776 3712 889 3792 gratias
897 3712 1080 3792 habeamus,
1092 3714 1180 3776 nullrc
1188 3715 1281 3776 Nobis
1295 3733 1359 3778 esse

215 3818 352 3888 possunt.
368 3811 511 3872 Praeclare
522 3811 656 3890 profecto
669 3813 765 3890 nosti,
785 3818 900 3893 quanto
913 3813 975 3874 Nos
987 3810 1071 3892 pacis
1083 3818 1114 3873 et
1126 3812 1294 3874 concordie
1309 3812 1360 3875 de·

216 3906 324 3970 siderio
338 3917 505 3986 teneamur,
520 3910 684 3990 presertim
695 3929 766 3972 cum
781 3911 937 3972 Borbonie
954 3913 1068 3973 Domus
1079 3913 1268 3994 amplissimis
1280 3916 1360 3995 regi-

216 4008 288 4083 bus,
299 4028 428 4088 quorum
438 4027 559 4070 summa
568 4008 598 4069 in
609 4010 681 4085 Nos,
694 4009 723 4069 in
736 4009 815 4070 banc
824 4009 908 4070 Beati
923 4009 1003 4070 Petri
1013 4009 1204 4087 cathedram,
1216 4010 1246 4071 in
1258 4011 1360 4073 Eccle-

216 4106 291 4166 siam
305 4108 473 4169 uuirersam
484 4107 592 4168 merita
603 4107 782 4185 extiterunt,
796 4125 893 4188 neque
902 4107 967 4185 jam
982 4106 1074 4168 Nobis
1089 4108 1150 4169 ulla
1164 4108 1260 4168 inesse
1270 4106 1359 4169 dubi-

217 4204 291 4264 tatio
307 4213 439 4285 poterat,
454 4207 528 4288 quin
549 4206 605 4286 ipsi
621 4225 677 4287 pro
697 4226 802 4269 eorum
815 4206 958 4286 religione
979 4224 1015 4267 ac
1032 4206 1177 4288 sapientia
1188 4205 1229 4268 illi
1250 4211 1360 4268 nostra

216 4304 380 4382 apostolico
400 4304 516 4365 muneri
533 4305 720 4368 convenienti
735 4305 954 4382 consensionis,
969 4312 1000 4364 et
1014 4303 1183 4366 concordiae
1203 4303 1357 4385 cupiditati

216 4419 271 4460 suo
294 4406 393 4463 essent
424 4401 541 4480 studio,
570 4421 662 4484 opera
684 4404 835 4484 animique
857 4403 1060 4483 magnitudine
1083 4404 1267 4483 responsuri.
1300 4403 1358 4463 Sed

216 4515 295 4558 nnnc
304 4544 311 4573 ,
321 4497 512 4559 dilectissime
523 4499 552 4560 in
563 4500 678 4562 Christo
691 4501 730 4561 fili
740 4509 854 4578 noster,
866 4506 950 4562 tanto
959 4501 1070 4561 certius
1084 4502 1113 4560 in
1125 4499 1369 4581 pulcherrimam·
