3188 5414
150 573 152 577 .
229 532 279 584 386
656 530 858 583 CLElllENTlS
876 531 941 584 XlV

268 647 295 694 a.
315 636 378 695 lloc
395 634 490 714 ipsum
503 635 610 714 potiori
628 633 758 713 quadam
772 635 887 694 ratione
901 633 992 694 Nobis
1010 633 1150 694 divinitus
1167 631 1320 693 traditum
1332 652 1382 694 re-

225 731 439 792 conciliationis
452 731 595 806 verbum,
611 738 641 790 et
654 729 868 806 ministerium,
884 729 935 792 ubi
951 728 1097 809 primum,
1119 726 1240 788 meritis
1255 746 1381 808 prorsus

225 828 405 908 imparibus,
426 827 520 888 evecti
538 827 649 887 luimus
665 827 703 888 ad
716 826 794 888 hanc
804 827 883 889 Petri
898 827 1022 905 Sedern,
1040 828 1070 887 in
1089 827 1275 888 memoriam
1291 847 1379 889 revo-

225 923 376 999 cavimus,
396 923 464 999 die,
488 929 637 1002 noctuque
662 941 723 1002 pra
742 922 837 984 oculis
858 923 1038 999 habuimus,
1058 921 1204 1002 cordique
1233 922 1378 984 altissimo

224 1018 398 1100 inscriptum
419 1024 572 1098 gerentes,
591 1019 617 1080 ei
637 1038 690 1099 pro
713 1020 825 1081 viribus
844 1018 1016 1081 satisfacere
1036 1017 1271 1095 contendimus,
1296 1019 1391 1079 divi:

223 1134 294 1178 narn
307 1116 346 1177 ad
356 1116 387 1178 id
400 1134 489 1195 opem
503 1115 618 1177 assidue
627 1117 836 1196 implorantes,
851 1122 884 1177 ut
897 1115 1092 1195 cogitationes
1100 1160 1108 1191 ,
1127 1122 1159 1175 et
1173 1115 1302 1176 consilia
1317 1135 1376 1195 pa-

223 1213 265 1275 cis
280 1214 390 1290 Nobis,
408 1221 438 1274 et
451 1211 589 1274 universo
600 1213 755 1275 [lominica
767 1214 848 1295 gregi
867 1216 944 1274 Deus
961 1211 1117 1273 infundere
1130 1210 1319 1290 dignaretur,
1334 1213 1373 1273 ad

222 1329 348 1390 eamque
370 1310 611 1390 consequendam
632 1311 813 1373 tutissimum
833 1309 940 1389 Nobis,
963 1309 1235 1390 firmissimumque
1256 1309 1371 1370 aditum

222 1421 363 1464 reserare.
377 1403 514 1477 Quinimo
524 1403 617 1482 probe
627 1403 763 1481 scienteS,
772 1404 873 1466 divino
882 1406 944 1466 Nos
950 1403 1074 1466 consilio
1085 1403 1270 1464 constitutos
1281 1403 1373 1465 fuisse

222 1519 310 1580 super
322 1509 436 1580 gentes,
454 1507 484 1561 et
498 1518 587 1580 super
598 1519 707 1581 regna,
721 1510 753 1563 nt
766 1503 795 1564 in
808 1501 970 1564 excolenda
981 1502 1069 1562 vinea
1082 1501 1218 1562 Sabaoth
1232 1545 1241 1577 ,
1253 1518 1373 1562 conscr-

221 1599 378 1679 vandoque
390 1597 560 1660 Christianae
573 1598 733 1678 Religionis
745 1600 885 1676 aedilicio,
903 1601 989 1679 cnjus
1011 1600 1146 1661 Christus
1158 1607 1206 1662 est
1221 1602 1370 1680 angularis

220 1696 311 1774 lapis,
331 1695 507 1773 evellamus,
527 1701 558 1756 et
575 1694 782 1772 destruamus,
801 1703 831 1756 et
850 1695 1073 1776 disperdamus,
1089 1702 1120 1756 et
1134 1695 1331 1775 dissipemus,
1342 1705 1369 1757 ot

221 1793 409 1871 edificemus,
425 1800 454 1855 ct
463 1795 643 1874 plantemus,
658 1813 695 1856 eo
707 1813 825 1876 semper
837 1795 948 1858 fuimus
963 1794 1080 1872 anino,
1095 1795 1313 1876 constantique
1324 1816 1370 1857 rc

216 1889 349 1967 luntate,
362 1896 395 1950 ut
407 1887 662 1969 quemadmodum
673 1908 729 1970 pro
741 1890 911 1952 Christiana
922 1890 1103 1970 Reipublicae
1113 1891 1217 1970 quiete
1228 1936 1236 1968 ,
1247 1898 1281 1952 et
1295 1898 1371 1953 tran-

220 1986 365 2066 quillitate
379 1986 450 2047 nibil
467 1987 587 2048 aNobis
599 1986 889 2067 pretermittendum
902 2005 967 2049 esse
981 1986 1169 2063 censuimus,
1181 1987 1269 2066 quod
1289 1989 1371 2068 plan-

219 2081 311 2144 tando
319 2130 326 2161 ,
339 2082 572 2163 edificandoque
585 2091 662 2144 esset
673 2083 779 2163 quovis
793 2084 885 2145 modo
900 2083 1178 2160 accommodatum;
1194 2083 1249 2162 ita,
1263 2086 1369 2146 eodem

219 2191 331 2245 mutuae
343 2183 495 2246 charitatis
506 2184 625 2245 vinculo
636 2185 861 2264 expostulante,
873 2185 911 2247 ad
922 2182 1109 2243 evellendum
1120 2227 1127 2259 ,
1139 2181 1370 2245 destruendum·

219 2296 278 2356 que
297 2279 440 2358 quidquid
458 2280 707 2358 jucundissimum
721 2279 813 2342 etiam
824 2279 917 2341 Nubis
929 2285 1025 2355 esset,
1040 2285 1128 2358 atque
1139 2280 1367 2358 gratissimum,

219 2380 250 2434 ct
262 2394 322 2453 quo
343 2395 443 2438 carere
458 2377 581 2437 minime
596 2395 752 2456 possemus
764 2377 828 2438 sine
842 2377 973 2438 maxima
990 2376 1081 2439 animi
1094 2376 1252 2454 molestia,
1270 2385 1302 2440 et
1315 2379 1370 2440 do-

219 2471 292 2544 lore,
303 2473 434 2553 prompti
451 2491 533 2552 aque
546 2490 694 2550 essemus,
711 2481 802 2554 atque
814 2476 923 2555 parati.

261 2579 289 2627 a.
312 2570 377 2629 Nou
398 2575 444 2631 cst
460 2588 531 2632 sane
549 2570 777 2650 ambigendum,
794 2591 833 2633 ea
853 2573 1009 2651 interque
1029 2571 1066 2631 ad
1081 2570 1243 2633 catholica
1259 2573 1368 2653 Reipu-

217 2665 301 2727 blicae
322 2666 453 2744 bonurn,
480 2667 709 2748 felicitatemque
735 2670 970 2750 comparandam
993 2667 1157 2749 plurimum
1189 2669 1367 2744 conferunt,

216 2764 381 2845 principem
393 2763 454 2826 fere
465 2767 566 2827 locum
579 2766 772 2833 tribuendum
783 2786 848 2828 csse
861 2766 1059 2845 Regularibus
1068 2764 1246 2843 Ordinibus,
1258 2786 1297 2828 ex
1308 2767 1368 2847 qui-

217 2859 273 2921 bus
289 2854 505 2941 amplissimum
519 2863 549 2923 in
567 2863 735 2924 universam
754 2862 860 2924 Christi
872 2862 1036 2924 Ecclesiam
1050 2860 1155 2940 quavis
1165 2867 1256 2923 aetate
1271 2862 1368 2924 dima-

216 2956 298 3016 navit
309 2964 535 3032 oruamentum,
547 2957 735 3036 presidium,
745 2964 776 3019 et
785 2959 908 3020 utilitas
921 2960 983 3018 Hos
994 2956 1105 3017 idcirco
1115 2957 1296 3035 Apostolica
1309 2959 1367 3019 hac

217 3052 306 3113 Sedes
321 3054 496 3134 approbavit
507 3073 567 3116 non
575 3055 678 3132 modo,
693 3057 813 3137 suisque
822 3055 924 3117 fulcita
934 3060 978 3116 est
990 3052 1143 3132 auspiciiS,
1156 3071 1266 3114 verum
1277 3057 1368 3116 etiam

216 3150 351 3229 pluribus
375 3146 456 3211 auxi't
472 3148 638 3229 beneficiis,
655 3151 906 3232 exemptionibus,
920 3147 1080 3230 privilegiis
1100 3155 1132 3209 et
1149 3147 1366 3223 facultatibus,

219 3255 298 3308 utex
309 3248 356 3308 his
368 3247 407 3309 a'd
418 3249 561 3328 pietatem
575 3250 783 3328 excolendam,
796 3257 826 3311 et
837 3250 1034 3330 Religionem,
1049 3248 1087 3310 ad
1099 3249 1285 3329 populorum
1298 3270 1364 3313 mo

216 3366 264 3409 res
274 3346 365 3408 verbo
378 3354 408 3408 et
421 3350 559 3429 exemplo
570 3349 625 3410 rite
636 3349 856 3426 informandos,
870 3350 909 3411 ad
918 3349 999 3411 fidei
1014 3349 1160 3409 unitatem
1168 3348 1254 3412 ‘inter
1263 3349 1366 3412 fideles

216 3444 410 3520 servandam,
423 3444 735 3526 confirmandamque,
755 3447 849 3526 magis
862 3446 1017 3526 magisque
1037 3445 1254 3524 excitarentur,
1276 3454 1368 3528 atque

216 3542 482 3606 inflammarentur.
495 3545 549 3604 Ast
566 3544 616 3624 ubi
628 3563 666 3606 co
678 3563 724 3606 res
737 3545 871 3620 devenit,
884 3550 918 3605 ut
928 3562 965 3604 ex
975 3543 1075 3622 aliquo
1089 3544 1230 3622 Regulari
1239 3545 1366 3623 Ordine,

210 3639 261 3698 -vel
275 3655 336 3698 non
350 3637 478 3716 amplius
493 3637 636 3698 uberrimi
649 3639 668 3699 il
682 3638 810 3715 fructus,
824 3646 913 3719 atque
927 3636 1113 3718 optatissima
1122 3638 1334 3706 emolmncnta
1348 3661 1367 3702 a

216 3733 382 3795 Christiano
395 3730 508 3814 populo
519 3735 753 3815 perciperentur,
776 3736 813 3797 ad
833 3754 900 3815 quae
913 3733 1065 3796 afferenda
1083 3732 1203 3796 fuerant
1223 3735 1367 3815 primitus

216 3834 359 3911 instituti,
375 3834 609 3896 veldetrimento
622 3835 723 3915 potius
734 3852 798 3895 esse
811 3834 865 3894 visi
880 3833 1006 3909 fuerint,
1023 3849 1059 3893 ac
1068 3832 1284 3912 perturbamur
1296 3850 1366 3896 ma-

215 3932 259 4011 gis
276 3934 457 4017 populorum
469 3928 686 4020 tranquillitati,
700 3950 792 4014 quam
802 3930 901 3993 eidem
911 3929 1107 4011 procurandae
1117 3931 1364 4009 accommodati,

215 4029 278 4092 hac
288 4030 393 4091 eadem
409 4032 580 4113 apostolica
594 4031 701 4108 Sedes,
716 4046 782 4111 quae
798 4025 910 4106 eisdem
922 4027 1094 4108 plantandis
1106 4045 1232 4107 operam
1247 4028 1365 4108 irnpcn-

215 4127 299 4188 derat
312 4144 410 4205 suam,
425 4145 571 4208 suamquc
583 4128 800 4208 interposuerat
813 4125 1042 4201 auctoritatem,
1056 4140 1109 4186 eos
1119 4123 1166 4185 vel
1181 4123 1270 4185 novis
1280 4142 1365 4189 eern-

215 4226 331 4286 munire
344 4225 458 4307 legibus
468 4273 476 4304 ,
499 4227 544 4287 vel
563 4225 601 4287 ad
621 4226 779 4306 pristinam
800 4224 918 4286 vivendi
937 4223 1131 4287 severitatem
1140 4233 1301 4303 revocare,
1317 4228 1364 4289 vel

215 4321 332 4400 penitus
342 4323 434 4386 etiam
451 4324 591 4402 evellere,
608 4342 643 4385 ac
654 4323 797 4404 dissipare
810 4321 933 4383 minime
951 4316 1108 4383 dubitavit.
1193 4348 1195 4353 ·

256 4433 285 4480 t.
300 4422 364 4482 Hac
377 4440 449 4482 sane
461 4422 498 4484 de
508 4439 599 4482 causa
611 4422 799 4483 Innocentius
813 4420 894 4499 Papa
903 4420 953 4480 Ill.
965 4418 1166 4481 Prsdoeasor
1176 4424 1281 4479 noster
1290 4437 1363 4479 cum

215 4518 407 4597 comperisset
418 4519 541 4580 nimiam
552 4519 744 4597 Regularium
756 4517 896 4578 ordinum
905 4513 1109 4578 diversitatem
1120 4531 1242 4593 marem
1258 4514 1362 4577 inlic-
