3188 5414
224 513 278 564 tut
649 507 852 563 CLEMENTlS
869 507 934 559 XlV
984 519 987 525 '

223 615 367 694 agebatur
380 613 399 674 ’6
411 620 439 675 76
452 614 558 674 eximie
572 613 757 675 declaratum
768 612 849 693 quod
859 609 984 692 proinde
1000 613 1085 686 grata
1099 624 1216 685 semper
1229 605 1272 666 tui
1284 623 1364 666 com·

220 710 437 779 memoratione
448 716 477 771 67
488 710 748 772 commendatione
761 706 983 791 prosequimur,
997 703 1123 780 inducit,
1136 702 1244 763 dilecte
1257 701 1301 762 tili
1314 721 1365 763 no-

220 807 288 868 bilis
300 807 356 884 vir,
369 812 402 868 ut
413 808 468 867 bas
482 806 519 868 ad
531 813 560 868 76
574 825 654 868 nunc
666 807 771 868 demus
779 806 905 879 litteras,
918 802 1026 882 quibus
1037 797 1247 891 tuaejusmodi
1258 798 1364 858 merita

220 921 280 962 non
294 904 390 964 solum
405 904 527 965 aNobis
547 904 750 984 agnosci‚·sed
764 910 794 966 et
814 902 958 984 plurimas
980 898 1092 960 idcirco
1110 896 1216 959 haberi
1236 895 1289 966 tibi
1309 914 1364 975 per
1424 946 1429 961 .

219 1001 281 1060 Nos
293 1018 327 1060 ac
339 1000 440 1061 referri
454 1000 564 1081 gratias
575 1007 730 1062 testemur.
749 1003 814 1062 Hoc
828 1019 845 1060 a
861 997 953 1060 Nobis
965 1014 1035 1056 eum
1049 995 1079 1056 in
1093 993 1219 1055 modum
1232 992 1363 1072 prestari

220 1095 363 1174 uelimus,
378 1097 545 1175 existimes,
558 1103 592 1158 ut
603 1117 663 1159 una
676 1097 768 1159 etiam
781 1095 834 1157 tibi
846 1094 1036 1156 vehementer
1049 1091 1234 1171 gratulemur
1243 1088 1282 1150 de
1292 1108 1364 1169 prae«

106 1242 109 1247 .
218 1193 301 1253 claro
313 1200 365 1253 7776
379 1193 613 1273 irreligionem,
627 1200 716 1274 atque
728 1193 758 1254 in
770 1190 933 1253 Ecclesiam
952 1188 1052 1249 animo
1066 1187 1104 1247 de
1119 1185 1240 1271 optimis
1252 1183 1364 1264 plenis-

217 1308 277 1368 que
287 1290 444 1370 aequitatis,
454 1290 535 1368 fidei,
544 1309 579 1352 ac
591 1291 741 1371 sapientia
750 1289 879 1352 consiliis
889 1296 978 1367 atque
990 1285 1157 1347 actionibus
1170 1283 1241 1359 tuis,
1255 1282 1364 1361 quibus

218 1394 305 1449 tuum
318 1387 516 1449 ministerium
527 1394 557 1448 et
571 1388 731 1449 Illustrimo
741 1387 813 1467 Regi
824 1387 903 1468 quod
913 1385 1036 1447 maximi
1051 1385 1176 1446 interest
1188 1383 1364 1464 acceptissi-

218 1503 305 1546 mum
318 1493 347 1546 ct
359 1485 466 1546 exteris
476 1486 567 1547 etiam
581 1487 719 1548 omnibus
733 1485 983 1567 spectatissimum
992 1482 1094 1544 reddis
1106 1506 1113 1543 :
1125 1481 1213 1542 valde
1225 1481 1364 1561 cupimus

219 1580 351 1658 aliquam
373 1581 466 1642 Nobis
491 1582 746 1663 opportunitatem
760 1582 845 1660 dari,
871 1588 903 1642 ut
924 1581 975 1661 qui
990 1580 1100 1641 adhoc
1115 1578 1267 1657 judicium
1282 1578 1318 1637 de
1335 1585 1363 1636 76

204 1684 355 1738 nostrum
368 1678 491 1739 accedat
502 1686 632 1759 paternae
641 1679 798 1760 singularis
808 1677 1022 1741 benevolentia
1035 1676 1185 1752 cumulus,
1200 1672 1363 1754 reipsa'tibi

218 1773 449 1854 confirmemus,
463 1794 498 1837 ac
509 1776 628 1837 interim
642 1777 837 1857 apostolicam
850 1774 1091 1837 benedictionem
1108 1773 1181 1848 tibi,
1202 1773 1311 1832 dilecte
1322 1770 1362 1831 fili

217 1870 327 1932 nobilis
346 1873 401 1950 vir,
422 1873 528 1935 intimo
547 1874 720 1954 gratissima
738 1873 898 1936 voluntatis
915 1893 1003 1935 sensu
1020 1880 1214 1954 peramanter
1227 1871 1364 1950 imperti-

217 1985 297 2029 mur.
310 1972 420 2031 Datum
430 1974 542 2042 Romo,
554 1974 635 2051 opud
645 1973 785 2034 Sanctam
797 1974 925 2034 Mariam
935 1975 1091 2050 uaporem,
1101 1974 1154 2033 sub
1166 1974 1291 2050 Annulo
1301 1975 1365 2032 Pis-

219 2072 337 2141 catoris,
354 2070 404 2132 dte
420 2073 577 2150 adapsilis
592 2081 676 2144 7774,
686 2073 874 2152 pontificatus
884 2078 982 2135 nostri
993 2091 1074 2135 6666
1087 2076 1203 2153 quinto.

603 2366 606 2371 ·
703 2344 865 2414 CCLXVl.

479 2509 643 2552 cxmssfflo
665 2510 701 2551 IN
722 2510 852 2553 cunlsro
872 2510 958 2553 rulo
982 2510 1100 2552 NOSTRO

331 2636 527 2707 LUDOVICO
547 2632 786 2696 FRANCORUM
804 2634 897 2694 REGI
917 2633 1256 2695 CHRISTIANISSIMO

525 2734 760 2843 sannaus
787 2765 912 2841 rapx
942 2765 1048 2841 xiv,

1020 2925 1120 2981 Romae,
1132 2925 1146 2970 4
1160 2922 1216 2970 maii
1234 2919 1303 2972 7777.
1369 2990 1373 2996 .

259 3031 434 3100 durissime,
447 3034 504 3088 etc.
518 3029 592 3088 Cum
599 3027 732 3108 primum
743 3026 905 3090 Avenionis
911 3031 942 3088 67
951 3027 1118 3088 Comitatus
1128 3020 1296 3088 Venaissini
1306 3045 1368 3088 res

219 3126 343 3188 tituendi
359 3145 377 3188 a
390 3125 486 3205 Regia,
502 3127 658 3204 Maiestate
672 3127 738 3186 Tua
751 3125 908 3187 consilium
930 3125 1001 3188 fecit
1011 3126 1131 3189 initium
1142 3125 1294 3208 Nobisque
1310 3132 1367 3189 tuo

219 3223 338 3285 nomine
355 3223 490 3285 delatum
507 3223 711 3302 gratissimum
723 3228 860 3285 nostrum
874 3223 1009 3287 animum
1026 3225 1080 3287 tibi
1095 3233 1128 3287 ut
1140 3224 1317 3299 debuimus,
1333 3230 1367 3285 et

152 3340 155 3346 ’
218 3320 296 3382 datis
313 3321 352 3383 ad
367 3328 396 3382 76
411 3320 532 3397 77776776,
552 3328 582 3382 67
595 3321 722 3401 publicis
737 3321 828 3382 etiam
847 3321 1113 3401 significationibus
1132 3321 1362 3385 declaravimus.

217 3420 304 3479 Nunc
317 3437 387 3479 vero
406 3418 515 3503 eximio
530 3437 549 3480 6
568 3425 598 3480 76
612 3421 773 3482 constituta
786 3439 856 3481 cum
868 3422 1009 3500 preclare
1023 3421 1095 3483 item
1116 3428 1206 3502 atquc
1224 3439 1261 3483 ex
1279 3422 1367 3502 regia

219 3515 310 3577 animi
331 3515 373 3577 tui
398 3515 621 3596 magnitudine,
648 3536 683 3579 ac
700 3517 842 3598 religione
861 3517 1020 3597 perfeceris
1040 3518 1132 3581 veteri
1152 3519 1203 3581 illa
1225 3520 1366 3582 Ecclesiae

218 3615 404 3696 possessione
417 3616 532 3677 Sanctae
545 3616 615 3678 buic
626 3616 693 3678 Sedi
704 3618 769 3696 jam
782 3617 914 3694 reddita,
929 3636 1059 3699 cumque
1071 3636 1139 3679 earn
1152 3617 1365 3699 prestantissi-

218 3731 301 3776 mam
310 3711 458 3777 actionem
469 3712 609 3777 omnibus
623 3712 742 3796 pictatis
754 3719 827 3792 tuae,
839 3714 994 3795 nostrique
1006 3713 1216 3776 amantissimae
1228 3715 1366 3778 volunta-

172 3805 177 3814 '
218 3813 256 3874 tis
269 3811 447 3874 testimoniis
456 3812 645 3892 conjunxeris
652 3801 666 3892 ‚'
672 3813 782 3876 iterum
794 3808 1028 3875 luculentissima
1038 3808 1184 3891 ejusmodi
1195 3810 1299 3874 officia
1311 3812 1364 3874 tibi

219 3931 237 3972 6
250 3909 341 3972 Nobis
353 3909 455 3972 deberi
469 3911 692 3993 cognoscimus,
705 3918 795 3994 atque
809 3930 860 3974 aas
873 3918 1035 3994 propterea
1045 3910 1156 3993 gratim
1166 3915 1197 3972 67
1210 3909 1364 3973 reddimus

218 4015 248 4070 et
261 4009 424 4085 habemus,
444 4014 478 4069 ut
496 4028 592 4090 neque
611 4010 756 4090 majores,
780 4026 876 4091 neque
896 4025 1021 4072 summa
1032 4008 1166 4072 caritatis
1180 4008 1209 4070 vi
1225 4026 1261 4071 ac
1273 4027 1364 4072 sensu

219 4107 363 4188 ampliore
376 4104 481 4168 referri
500 4125 633 4187 unquam
658 4108 782 4189 possint.
803 4111 897 4173 0777776
914 4115 1033 4190 tempus
1054 4107 1248 4190 pontificatus
1268 4107 1364 4169 nostri

218 4202 309 4263 tuisse
327 4202 463 4283 prolecto
486 4203 622 4284 plurimis
642 4211 674 4266 et
692 4205 831 4268 maximis
849 4207 924 4284 tuis,
952 4205 1104 4267 carissime
1125 4205 1156 4266 iu
1182 4202 1303 4266 Christo
1323 4203 1362 4266 lili

221 4306 332 4378 noster,
346 4301 377 4362 in
398 4302 464 4364 Nos
478 4301 588 4364 amoris
600 4302 715 4365 indiciis
730 4302 902 4384 meritisque
924 4303 1066 4366 refertum
1087 4301 1280 4384 agnoscimus
1299 4320 1365 4384 quae

220 4412 299 4455 nunc
312 4404 412 4459 tamen
426 4397 528 4459 omnia
542 4417 602 4460 uno
613 4399 671 4461 boc
685 4399 886 4480 pulcherrimo
897 4404 951 4464 7776
964 4400 1043 4462 76676
1058 4401 1213 4480 amplexus
1224 4417 1257 4461 66
1272 4405 1304 4460 67
1314 4417 1366 4460 cn-

221 4496 350 4558 mulasti.
366 4500 462 4570 Quare
477 4497 548 4559 nihil
564 4498 655 4560 Nobis
673 4498 833 4578 optabilius
847 4517 882 4560 ac
891 4498 1054 4576 jucundius
1066 4516 1132 4560 esse
1143 4499 1258 4579 potest,
1270 4513 1366 4576 quam
