3188 5414
226 495 276 544 260
654 482 856 540 CLEMENTlS
873 483 942 538 XlV

225 598 257 653 S.
277 592 392 670 Georgii
419 591 456 652 ad
476 592 582 652 Velum
599 590 732 653 Aureum
757 590 881 668 ejusque
901 590 932 648 S.
954 589 990 648 ll.
1007 589 1041 647 E.
1067 587 1197 648 Diaconc
1219 586 1372 649 cardinali

224 690 318 752 Casali
344 691 455 770 pariter
479 693 673 768 nuncupato,
695 706 752 748 nec
784 705 844 747 non
872 686 986 747 dilectis
1007 686 1098 746 etiam
1123 686 1191 747 filiis
1218 687 1374 766 Magistris

223 789 380 851 Vincentio
401 787 594 863 Macedonio,
616 794 647 847 et
668 784 820 864 Onuphrio
835 775 989 863 Alpbauo,
1015 784 1075 844 Nos
1100 782 1214 844 eisdem
1227 782 1373 846 omnibus

197 873 199 877 ⁵
224 904 329 949 causas
347 885 446 965 ipsas,
464 890 618 961 totamque
641 881 683 943 rei
706 887 794 959 gesta
817 880 940 957 seriem,
954 881 1077 960 ejusque
1096 881 1260 961 singulares
1272 882 1371 944 etiam

198 1060 200 1066 Ι
223 978 462 1045 circumstantias
486 978 673 1059 aperuimus,
696 996 731 1039 ac
760 977 909 1038 uberrime
931 977 1143 1056 patefecimus,
1169 977 1372 1059 perlectisque

223 1075 333 1137 nostris
346 1070 437 1136 literis
457 1073 619 1154 predictis,
635 1072 692 1153 ipsi
710 1072 811 1133 omnia
823 1090 878 1152 per
891 1074 952 1133 Nos
965 1078 1065 1150 gesta,
1080 1079 1111 1133 et
1124 1071 1155 1132 in
1168 1072 1212 1133 eis
1225 1079 1372 1136 contenta

223 1171 313 1249 quam
336 1169 484 1246 maxime,
509 1187 544 1229 ac
563 1168 744 1230 unanimiter
765 1167 1030 1245 commendantes,
1050 1186 1172 1230 omnem
1198 1171 1369 1248 promereri

222 1269 342 1331 laudem
354 1275 538 1348 agnoverunt
549 1313 557 1344 ,
567 1273 727 1348 putarunt,
743 1285 778 1327 ac
787 1265 987 1327 crediderunt.
1000 1265 1091 1327 Modo
1106 1271 1207 1327 autem
1220 1266 1369 1343 volentes,

224 1373 257 1427 ut
273 1385 339 1446 quas
354 1366 383 1426 iu
403 1345 551 1445 praedictis
564 1363 656 1425 literis
667 1362 827 1444 disposita,
840 1363 1020 1440 constituta,
1040 1369 1070 1422 et
1087 1362 1263 1443 prescripta
1276 1371 1369 1443 sunt,

164 1482 168 1488 ·
222 1465 330 1528 debitae
346 1464 536 1540 executioni,
552 1481 586 1524 ac
595 1463 682 1541 juxta
704 1460 795 1522 animi
810 1460 904 1522 nostri
927 1459 1105 1521 seutentiam
1120 1459 1350 1522 committantur
1359 1487 1368 1538 3

222 1562 291 1623 binc
311 1568 357 1623 est
368 1606 376 1638 ,
402 1561 483 1641 quod
499 1566 585 1622 motu
608 1558 746 1640 proprio,
770 1562 859 1637 atque
872 1576 909 1618 ex
929 1564 1012 1618 certa
1033 1557 1173 1636 scientia,
1197 1566 1228 1620 et
1248 1567 1370 1641 matura

222 1658 433 1720 deliberatione
445 1657 573 1734 nostris,
589 1673 682 1718 unam
705 1654 869 1734 erigimus,
892 1661 981 1735 atque
1002 1655 1185 1719 instituimus
1202 1659 1371 1741 congrega·

222 1755 333 1816 tionem
345 1772 382 1814 ex
392 1752 569 1833 supradictis
581 1752 713 1832 quinque
724 1749 929 1812 Cardinalibus
939 1770 974 1813 ae
987 1751 1107 1813 duobus
1117 1753 1262 1815 Romanas
1276 1757 1370 1819 Curia

223 1849 351 1913 Praelatis
359 1896 367 1927 ,
384 1869 440 1912 nec
455 1868 516 1912 non
532 1870 569 1912 ex
584 1849 702 1911 duobus
712 1866 832 1930 quoquc
845 1848 1042 1927 ltegularibus
1058 1848 1088 1910 in
1100 1851 1192 1912 Sacra
1204 1851 1370 1932 Theologna

221 1947 386 2028 preclaris,
401 1953 545 2027 tanquam
562 1943 783 2008 consultoribus
797 1964 815 2006 a
837 1944 929 2006 Nobis
948 1945 1160 2024 nominandis,
1178 1947 1290 2031 quibus
1307 1950 1370 2015 hac

222 2041 370 2123 precipue
381 2061 455 2104 cura
472 2042 645 2104 incumbere
661 2041 786 2119 debeat,
800 2048 834 2102 ut
846 2059 883 2102 ca
896 2041 997 2103 onmia
1007 2087 1015 2119 ,
1026 2060 1092 2122 quae
1105 2042 1135 2104 in
1146 2044 1237 2106 dictis
1258 2047 1370 2109 nostris

222 2137 326 2207 litteris
338 2138 500 2200 constituta
519 2144 610 2215 sunt,
624 2127 712 2217 atque
730 2136 873 2198 mandata
885 2155 975 2199 suum
992 2145 1189 2218 assequantur
1202 2139 1349 2230 ellectum
1358 2167 1367 2220 3

221 2243 251 2296 et
271 2235 409 2316 sistique
422 2236 571 2317 incanum
587 2235 760 2298 executione
772 2234 852 2295 circa
874 2233 999 2306 modum
1020 2252 1179 2314 personas,
1192 2241 1283 2299 atres
1297 2239 1371 2300 olim

223 2331 262 2392 ad
274 2331 454 2393 Societatem
473 2333 570 2412 ipsam
584 2337 752 2413 spectantes
766 2331 894 2393 suboriri
912 2332 1110 2412 imposterum
1119 2352 1256 2415 unquam
1272 2337 1371 2400 valeat

150 2457 152 2461 ,
222 2423 368 2499 dubitatio
381 2473 389 2504 ,
402 2427 495 2488 Nobis
512 2427 595 2507 prius
617 2427 780 2503 consultis,
798 2428 920 2488 tollatur
931 2446 966 2488 ac
985 2428 1164 2491 declaretur.
1177 2429 1286 2494 Eidem
1300 2452 1371 2497 uero

221 2520 264 2581 sic
280 2509 336 2601 per
349 2523 410 2599 Nos
424 2523 565 2584 instituta
579 2523 820 2604 congregationi,
836 2541 942 2586 omnes
961 2532 991 2585 et
1005 2538 1210 2608 quascumque
1232 2547 1290 2609 pro
1302 2548 1371 2592 exc-

134 2618 138 2628 '
221 2617 340 2689 cutione
359 2618 511 2680 dictarum
527 2617 682 2688 literarum
697 2619 893 2693 necessarias,
914 2627 944 2682 et
957 2622 1183 2702 quomodolibet
1202 2632 1372 2705 oportunas

219 2716 397 2795 facultates,
411 2717 502 2779 etiam
517 2719 694 2794 summarie,
711 2737 752 2793 ac
770 2716 833 2779 sine
847 2717 987 2797 strepitu,
1002 2727 1032 2780 et
1045 2720 1140 2800 ligius
1160 2719 1292 2800 Judicii,
1306 2723 1371 2785 sola

218 2813 290 2875 lacti
304 2814 428 2876 veritate
439 2814 576 2896 inspecta
587 2833 623 2876 ac
633 2833 688 2896 per
699 2813 922 2894 inquisitionem
936 2834 1055 2896 quoque
1068 2816 1254 2898 procedendi
1265 2819 1371 2881 adver·
1397 2808 1399 2813 ⁵

219 2930 272 2972 sus
284 2930 389 2973 omnes
402 2919 433 2973 et
446 2930 654 2994 quascumque
662 2914 808 2973 Personas
820 2912 952 2992 cujusvis
971 2919 1083 2991 status,
1096 2914 1219 2993 gradus,
1235 2916 1371 2996 qualita-

221 3010 257 3071 tis
269 3055 277 3087 ,
291 3017 321 3071 et
341 3010 494 3090 dignitatis
506 3009 655 3088 existant,
671 3028 707 3071 ac
719 3027 787 3087 ras,
805 3009 905 3087 bona,
929 3010 1039 3087 libros,
1054 3010 1237 3091 scripturas,
1262 3016 1371 3095 supel-

218 3106 345 3183 lectilia,
362 3106 478 3186 aliaque
494 3107 532 3168 ad
546 3107 725 3169 Societatem
738 3106 911 3188 predictam
923 3109 987 3186 iam
999 3109 1168 3189 spectantia
1185 3111 1371 3190 retinentes,

219 3211 422 3286 occupantes,
448 3213 478 3266 et
510 3205 712 3281 occultantes,
740 3223 851 3284 easque
879 3211 942 3266 tam
967 3206 1023 3266 sub
1054 3207 1269 3272 Ecclesiasticis
1287 3227 1367 3270 cen-

218 3303 314 3380 suris,
328 3319 420 3382 quam
438 3302 495 3363 sub
515 3301 580 3362 aliis
601 3301 723 3362 arbitrio
737 3301 829 3382 ipsius
842 3302 1084 3382 congregationis
1095 3303 1284 3384 imponendis
1301 3324 1368 3387 pm

218 3400 265 3460 nis
288 3399 326 3460 ad
346 3418 451 3461 earum
471 3399 700 3476 revelationem,
722 3417 757 3461 ac
778 3399 996 3462 restitutionem
1015 3400 1158 3480 cogendi,
1182 3407 1213 3462 et
1227 3404 1369 3484 compel-

218 3497 319 3576 lendi,
342 3483 426 3559 motu
437 3543 445 3574 ,
461 3496 600 3576 scientia,
616 3504 647 3559 et
666 3496 732 3578 pari
756 3504 876 3560 matura
899 3497 1113 3559 deliberatione
1134 3497 1316 3578 tribuimus,
1338 3510 1370 3564 et

218 3595 422 3675 impertimur.¹
435 3597 478 3658 Ne
492 3601 592 3658 autem
603 3614 659 3672 ea,
678 3616 743 3676 quaa
752 3597 783 3657 in
803 3597 1037 3677 Congregatione
1045 3598 1219 3676 hujusmodi
1228 3606 1370 3680 pertrac-

218 3693 311 3753 tanda
325 3699 416 3771 atque
431 3691 617 3754 discutienda
627 3699 716 3754 erunt
726 3693 909 3771 revelentur,
923 3702 953 3755 et
967 3693 1005 3755 ad
1016 3694 1145 3757 aliorum
1157 3713 1246 3757 aures
1256 3700 1370 3777 pervess

218 3791 302 3852 niant
311 3816 319 3868 ;
339 3791 491 3869 omnibus,
503 3799 533 3852 et
551 3791 675 3871 singulis
686 3793 815 3854 eandem
830 3792 1100 3873 congregationem
1114 3793 1370 3858 constituentibus

218 3889 275 3948 snb
295 3907 383 3968 poena
399 3889 719 3951 excommunicationis
740 3890 807 3950 latae
819 3888 974 3951 sententia
992 3890 1058 3970 ipso
1072 3889 1153 3952 sacto
1169 3890 1285 3972 absque
1308 3893 1369 3956 ulla

183 4025 186 4034 ψ
216 3984 419 4048 declaratione
430 3985 612 4047 incurrenda
627 4006 715 4067 aqua
726 4004 816 4048 nemo
827 3987 1024 4049 absolutionis
1035 3987 1370 4069 beneficium‚praeter-

216 4099 308 4160 quam
321 4102 339 4144 a
352 4082 444 4144 Nobis
452 4128 460 4160 ,
476 4100 528 4143 seu
542 4085 679 4145 Romano
689 4082 831 4164 pontifice
846 4102 902 4165 pro
923 4090 1060 4164 tempore
1076 4084 1240 4161 existente,
1263 4086 1325 4148 nisi
1338 4087 1370 4150 in

218 4183 323 4244 mortis
350 4183 476 4245 articulo
509 4183 692 4244 constitutus
720 4183 818 4243 valeat
844 4176 999 4259 obtinere,
1029 4182 1243 4262 probibemus,
1275 4178 1370 4266 atque

217 4294 356 4356 expresse
378 4278 602 4356 interdicimus,
623 4297 661 4340 ne
674 4297 727 4356 ea,
742 4296 808 4358 qua
821 4296 1012 4365 quocumque
1035 4278 1126 4340 modo
1144 4277 1175 4339 in
1189 4278 1275 4341 dicta
1291 4299 1370 4343 cou-

117 4445 119 4448 y
217 4376 388 4453 gregatione
415 4376 589 4458 proposita,
618 4376 769 4453 discussa,
794 4382 846 4436 aut
874 4375 997 4438 delinita
1022 4375 1150 4454 fuerint,
1175 4377 1233 4438 sub
1256 4378 1369 4459 quovis

217 4476 383 4550 praetextu,
407 4492 517 4552 causa,
543 4474 589 4535 vel
612 4473 735 4554 quaesito
755 4473 856 4534 colore
881 4473 1067 4552 patefacere,
1091 4473 1136 4535 vel
1152 4473 1288 4553 directe,
1314 4491 1370 4537 aut
