3188 5414
228 497 280 549 ²8⁴
655 491 860 549 CLEMENTlS
877 492 940 546 XlV

225 597 346 658 efficiat.
369 599 444 658 Cum
466 595 548 656 enim
569 612 692 656 omnem
718 614 857 676 operam,
884 613 1007 657 omnem
1026 595 1204 659 indmtriam
1226 604 1314 659 trram
1337 617 1376 661 eo

225 694 376 770 conferes,
398 692 485 754 facile
507 692 672 769 obtinebis,
694 699 728 753 nt
748 699 778 753 tc
804 693 974 773 postulante
994 692 1094 754 valere
1114 712 1166 754 eas
1189 693 1273 774 ipsas
1291 695 1378 774 leges

225 790 338 869 velint,
353 808 429 871 quas
440 789 496 870 ipsi
509 807 565 870 pro
580 789 738 851 catholica
750 788 901 868 religionis
915 788 1075 850 securitate
1089 789 1269 852 sanciendas
1280 791 1374 854 duxe-

224 894 306 948 mnt.
322 887 356 948 ld
371 887 461 966 igitur
476 892 510 947 ut
525 903 644 948 summa
662 885 816 965 diligentia
829 891 859 947 et
875 904 949 947 cura
968 885 1082 948 enitare
1097 905 1115 948 a
1129 887 1287 965 Maiestate
1305 890 1374 950 Tua

224 991 255 1045 et
267 984 422 1064 poscimus
432 990 463 1045 et
479 983 668 1045 confidimus.
684 983 714 1044 Si
730 983 852 1063 quidem
865 1002 936 1046 cum
948 983 1063 1065 imperii
1076 982 1120 1047 tui
1140 982 1288 1064 dignitas,
1300 984 1370 1047 fidei

224 1082 402 1159 defensoris,
423 1100 460 1143 ac
481 1083 611 1162 pastoris
627 1083 682 1144 tibi
707 1101 836 1158 munus,
860 1103 896 1145 ac
919 1102 1030 1147 nomen
1052 1082 1208 1163 imponat,
1228 1083 1304 1144 nihil
1317 1084 1371 1145 tibi

223 1179 324 1260 prius,
344 1186 434 1260 atque
452 1178 604 1260 antiquius
624 1178 688 1242 iore
711 1179 866 1258 ducimus,
880 1197 973 1261 quam
994 1186 1072 1241 utre
1093 1179 1159 1261 ipsa
1178 1179 1271 1240 talem
1292 1185 1322 1242 tc
1343 1187 1374 1241 et

223 1295 288 1339 esse
305 1278 380 1339 velle
403 1283 434 1338 et
458 1277 626 1355 nuncupari
639 1279 741 1358 palam
762 1279 867 1342 iacias.
890 1280 980 1341 Nulla
992 1297 1025 1340 re
1039 1277 1175 1358 proiecto
1190 1276 1300 1338 melius
1315 1283 1374 1338 tna

223 1375 316 1457 ipsius
333 1375 467 1438 felicitati
489 1382 579 1456 atque
594 1377 696 1455 gloria
708 1377 864 1457 provisum
883 1395 949 1439 esse
969 1381 1029 1438 ate
1042 1374 1164 1456 poterit.
1182 1375 1213 1436 Si
1224 1374 1308 1437 enim
1320 1375 1371 1436 Dei

151 1541 153 1545 ,
221 1476 291 1553 Opt.
310 1473 433 1535 Maximi
446 1473 648 1554 providentia,
662 1493 698 1536 ac
712 1473 857 1535 beneficio
879 1491 984 1552 regum
996 1488 1220 1552 regnorumque
1234 1489 1284 1532 res
1303 1490 1373 1553 sus7

222 1571 365 1648 tinentnr,
381 1571 462 1631 nulla
474 1571 574 1651 potior
587 1570 679 1632 divini
697 1570 856 1650 patrocinii
872 1569 1052 1632 conciliandi
1070 1569 1148 1631 ratio
1162 1587 1227 1631 esse
1239 1569 1370 1650 poterit,

222 1667 359 1747 quamsi
382 1674 412 1729 te
428 1667 506 1728 illius
519 1667 619 1746 gloria
642 1667 805 1728 asserenda
830 1666 1099 1742 studiosissimum,
1123 1665 1268 1744 illamque
1282 1666 1373 1727 rebus

222 1763 363 1824 omnibus
381 1769 411 1825 te
429 1762 574 1824 anteferre
596 1763 768 1843 profiteare.
791 1764 952 1825 Summum
963 1763 1045 1825 huno
1063 1762 1215 1824 bonorum
1237 1764 1374 1824 omnium

221 1860 337 1922 sontem
349 1860 435 1923 enixe
448 1879 625 1941 precamur,
638 1867 672 1921 ut
683 1860 809 1922 ooelestis
822 1879 882 1921 sua
894 1860 995 1940 gratia
1014 1859 1153 1940 prasidio
1173 1860 1204 1921 in
1223 1867 1253 1921 te
1265 1862 1372 1923 contir-
1397 1937 1405 1951 ὓ

220 1966 284 2020 met
309 1960 388 2022 banc
416 1959 556 2022 Ecclesia
582 1960 852 2039 pernecessariam,
875 1959 930 2020 tibi
947 1958 1156 2034 utilissimam,
1179 1956 1297 2037 sibique
1316 1958 1371 2039 ipsi

221 2057 460 2138 acceptissimam
482 2056 677 2119 voluntatem.
704 2059 742 2119 Et
761 2056 793 2118 in
819 2055 1186 2135 divinorumhujusrnodi
1209 2074 1372 2119 munerum

220 2164 388 2243 auspicium
400 2169 489 2243 atque
501 2163 531 2223 in
543 2171 653 2226 nostra
662 2170 793 2245 paterna
808 2181 843 2224 ac
856 2162 1014 2243 singularis
1032 2169 1143 2242 ergata
1156 2162 1373 2225 benevolentia

219 2259 1380 2340 pignus,AugustallajestatiTuaapostolicambenedictionemamantissime·

220 2354 418 2436 impertimur.
435 2359 547 2419 Datum
560 2359 677 2430 Roma,
697 2358 780 2436 epod
798 2358 831 2418 S.
852 2360 978 2419 Petram
997 2359 1051 2419 sab
1080 2360 1202 2432 abacto„
1210 2362 1379 2437 piscatoris

219 2455 270 2513 die
287 2466 303 2514 5
317 2456 478 2516 decembris
493 2467 581 2532 1772,
595 2458 785 2534 pacificatae
797 2459 987 2516 castriduno
1001 2461 1117 2534 quarto.

629 2743 633 2749 -
746 2694 837 2764 CCX.

629 2853 824 2896 vnnnnanrm
845 2854 957 2897 rasum

406 2962 542 3023 SIMONI
562 2961 729 3023 NIGOLAO
751 2961 933 3022 Enlscoro
952 2957 1179 3021 abstentum

527 3083 762 3164 CLEMENS
787 3086 917 3163 ΡΑΡΑ
944 3083 1051 3161 XIV.

976 3234 1077 3292 Romae,
1092 3231 1213 3294 ajanuari
1234 3236 1301 3283 177³.

264 3335 463 3405 Venerabilis,
494 3342 551 3396 ete.
584 3338 733 3398 Eximiam
756 3344 840 3398 tuam
865 3339 896 3399 in
928 3337 1094 3418 apostolico
1120 3335 1285 3398 ministerio
1312 3336 1380 3398 ritc-

164 3430 166 3434 ’
221 3431 361 3495 obeundo
373 3429 613 3510 sollicitudinem,
630 3440 718 3513 atque
730 3431 762 3493 in
776 3432 867 3494 divini
879 3440 914 3495 et
921 3433 1114 3496 emlesiastici
1132 3433 1276 3514 praecepti
1287 3433 1376 3499 inte-

217 3521 325 3602 gritate
332 3520 443 3582 tuenda
451 3520 584 3583 studium
594 3521 827 3584 luculentissime
836 3521 1043 3602 cognovimus,
1054 3521 1243 3584 Venerabilis
1254 3523 1375 3601 Frater,

218 3638 253 3679 ex
268 3616 372 3679 litteris
387 3617 458 3695 tuis,
471 3617 581 3699 quibus
594 3619 737 3681 certiores
750 3622 813 3682 Nos
823 3620 919 3682 iecisti
931 3619 969 3681 de
986 3619 1202 3701 impedimento
1217 3619 1306 3682 illato
1313 3667 1323 3699 ,
1336 3640 1376 3683 nc

217 3721 352 3777 nostram
373 3714 411 3776 de
427 3715 533 3778 diebus
544 3714 628 3778 festis
644 3717 741 3795 legem
759 3717 977 3797 promulgares,
989 3717 1157 3796 quibusque
1172 3715 1301 3777 aNobis
1321 3735 1376 3798 po

218 3813 345 3889 stulasti,
358 3811 437 3873 utad
447 3830 483 3875 ea
492 3813 707 3893 impedimenta
716 3812 884 3874 amovenda
893 3812 945 3873 tibi
954 3819 1135 3894 potestatem
1145 3811 1377 3892 impertiremur

217 3911 355 3973 tollenda
368 3911 491 3973 omnino
509 3912 693 3990 jejrmiornm
707 3909 910 3991 obligationis,
925 3928 991 3990 qua
1003 3928 1022 3970 a
1035 3908 1143 3990 vigiliis
1163 3909 1374 3988 quorumdam

218 4014 432 4092 abrogatorum
444 4010 588 4072 festorum
600 4011 638 4072 ad
651 4009 743 4072 ferias
759 4016 900 4090 quartam
911 4015 943 4070 et
953 4016 1069 4070 sextam
1083 4007 1240 4070 Adventus
1252 4016 1375 4070 oranta

217 4109 309 4172 Nobis
320 4110 476 4187 translata,
485 4109 564 4170 unde
574 4108 672 4171 omnis
681 4110 732 4170 illa
740 4108 902 4170 difficultas
912 4113 958 4168 cst
968 4106 1114 4187 prolecta.
1123 4107 1169 4167 Ac
1176 4107 1238 4167 Nos
1247 4105 1380 4184 quidem

219 4209 360 4286 praclaro
376 4215 428 4269 tuo
441 4205 540 4268 studio
561 4205 592 4265 in
604 4204 766 4286 episcopali
781 4222 904 4265 munere
918 4202 1052 4282 gerendo
1065 4202 1177 4265 mirum
1192 4201 1222 4263 in
1242 4201 1374 4265 modum

218 4303 369 4379 delectati,
387 4311 418 4366 et
431 4301 541 4379 causis,
555 4320 630 4381 quas
643 4300 766 4363 attulisti
787 4314 969 4378 magnopere
991 4295 1137 4360 commoti
1159 4315 1247 4376 aquo
1268 4295 1375 4358 animo

218 4397 398 4476 inducimur,
411 4406 446 4460 ut
456 4396 665 4480 postulationis
676 4403 734 4458 tuae
750 4413 929 4472 annuamus,
942 4413 1002 4475 quo
1021 4401 1052 4456 et
1067 4400 1097 4456 te
1112 4413 1149 4455 ex
1164 4392 1200 4456 iis
1212 4393 1372 4472 angustiis,

219 4496 250 4556 in
264 4494 372 4576 quibus
385 4504 414 4557 te
428 4494 538 4558 versari
556 4493 760 4574 agnoscimus,
776 4492 960 4569 eximamuS,
974 4497 1003 4553 et
1015 4490 1117 4573 populi
1139 4489 1183 4550 tui
1204 4489 1234 4550 in
1248 4488 1379 4553 abacia
