3188 5414
253 521 256 526 '
336 513 368 562 st
766 506 968 562 CLEMENTlS
986 508 1052 560 xlv

335 629 464 692 ponere,
480 628 550 672 cum
569 611 619 671 illo
634 629 693 672 uno
713 611 827 688 vivere,
845 610 923 672 illius
942 610 1065 672 caritate
1080 608 1258 670 inflammari
1266 655 1275 688 ,
1291 609 1320 670 in
1334 609 1414 672 illius
1431 631 1487 693 spe

334 707 564 790 conquiescere?
576 709 639 787 Age
651 706 752 787 igitur,
765 706 958 769 dilectissima
971 706 1001 769 in
1023 705 1139 767 Christo
1157 705 1219 767 tilia
1236 713 1355 786 uestra,
1375 707 1486 769 divinae

333 809 451 884 ergata
471 802 572 883 gratia
593 802 918 882 thesaurosagnosce,
938 820 1011 881 urge
1033 800 1114 882 quod
1137 800 1291 881 suscepisti
1314 801 1485 864 sanctitatis

332 899 539 982 propositum,
552 897 670 961 assidue
682 898 783 960 animo
796 899 916 961 revolve
926 916 1018 980 quem
1028 915 1146 974 amare,
1156 897 1205 960 cui
1214 897 1326 960 seruire
1338 899 1484 961 omnibus

332 994 521 1058 diebusvitae
536 1002 595 1057 tuac
607 994 747 1075 elegeris,
765 994 912 1057 infinitam
930 1012 995 1056 esse
1008 993 1197 1071 mercedem,
1210 1012 1304 1073 quam
1320 1001 1481 1076 expectes,

332 1091 594 1155 immarcescibiles
602 1091 728 1168 fructus,
741 1110 818 1172 quos
827 1110 884 1153 nec
892 1109 1004 1171 erugo,
1016 1109 1072 1152 nec
1080 1090 1163 1151 tinea
1174 1090 1352 1171 corrumpit.
1368 1093 1483 1152 Omnes

332 1189 458 1270 religiosi
471 1188 597 1251 instituti
608 1189 727 1250 labores
738 1188 973 1269 jucundissimos
986 1187 1096 1250 efficiet
1106 1187 1169 1250 hac
1178 1206 1240 1250 una
1253 1189 1414 1268 cogitatio,
1430 1197 1482 1251 at-

330 1304 390 1367 que
403 1287 434 1348 in
447 1286 519 1368 ipsis
528 1286 620 1364 hujus
635 1285 701 1347 vita
715 1286 858 1365 angustiis
869 1304 930 1347 non
944 1285 1126 1347 mediocrem
1145 1285 1273 1348 coelestis
1286 1286 1365 1348 illius
1374 1287 1483 1369 patriae

331 1383 510 1445 suavitatem
526 1382 750 1463 percipiendam
768 1402 804 1445 ac
822 1383 1062 1464 praegustandam
1083 1383 1199 1447 afferet.
1224 1384 1401 1448 Beatissimo
1415 1386 1482 1448 bac

331 1481 451 1562 optime
460 1525 469 1560 ,
479 1499 573 1562 quam
583 1480 714 1560 elegisti,
726 1482 821 1562 partis
835 1481 967 1543 conditio
980 1499 1051 1543 cum
1062 1482 1154 1543 Nobis
1167 1482 1343 1544 obversetur
1357 1483 1480 1559 animo,
1538 1471 1540 1475 ¹

331 1597 393 1641 non
405 1596 566 1660 possumus
582 1595 644 1641 non
654 1578 765 1640 iterum
778 1597 814 1640 ac
826 1579 932 1660 saepius
943 1587 1044 1641 tecum
1057 1578 1205 1659 gaudere3
1218 1585 1331 1660 tuoque
1344 1579 1403 1642 isto
1414 1588 1481 1644 tarn

330 1678 486 1741 excellenti
495 1679 577 1741 bono
588 1677 713 1740 mirifice
725 1677 830 1756 letari,
840 1695 907 1757 qua
916 1676 1039 1757 quidem
1048 1676 1149 1756 gaudii
1158 1676 1259 1738 Nostri
1268 1677 1345 1739 ratio
1358 1697 1396 1740 eo
1406 1680 1481 1740 ube·

330 1777 446 1839 riorest
455 1782 486 1839 et
496 1775 687 1853 cannulatior‚
699 1775 781 1856 quod
797 1775 946 1836 actionem
957 1774 1036 1835 hanc
1045 1780 1130 1835 tuam
1138 1774 1268 1855 plurimo
1280 1775 1387 1837 salutis
1395 1794 1481 1837 cmo

329 1875 465 1936 lumento
475 1873 583 1936 ceteris
592 1873 684 1937 etiam
697 1873 832 1934 futuram
842 1888 903 1934 non
915 1871 1101 1933 dubitamus.
1112 1873 1188 1933 Cum
1199 1873 1280 1934 euim
1292 1879 1358 1934 tam
1372 1874 1481 1954 singu-

329 1971 390 2032 lare
398 1970 548 2052 religionis
555 1988 592 2035 ac
600 1968 718 2032 virtutis
724 1969 895 2049 exemplum
904 1986 1046 2048 magnam
1056 1968 1086 2029 in
1096 1968 1236 2030 omnibus
1247 1969 1480 2032 admirationem

328 2067 541 2144 commoverit,
552 2065 732 2129 confidimus
741 2065 772 2126 in
786 2064 913 2126 Domino
924 2064 1004 2142 fore,
1020 2071 1053 2125 ut
1064 2064 1229 2144 plurimum
1237 2065 1329 2127 etiarn
1340 2066 1481 2128 canfen-o

328 2164 422 2242 possit
433 2163 472 2225 ad
483 2162 682 2226 imitationem
692 2159 901 2238 excitandam,
919 2167 1009 2240 atque
1028 2160 1065 2222 ad
1081 2161 1253 2223 aternitatis
1264 2181 1370 2224 curam
1379 2207 1390 2241 ‚
1404 2165 1481 2226 reli-
1556 2172 1561 2253 j

326 2262 423 2340 gionis
436 2262 580 2339 smdium,
594 2260 704 2340 Deique
715 2260 831 2321 cultum
842 2259 872 2321 in
885 2265 1055 2322 ceterorum
1066 2259 1173 2322 animis
1187 2260 1401 2324 inducendum.
1417 2264 1480 2326 Sed

304 2352 306 2356 '
326 2359 470 2441 quoniam
483 2360 514 2421 in
535 2358 655 2440 egregio
672 2365 726 2433 tuo
741 2356 923 2438 perficiendo
943 2356 1068 2418 mosibo
1085 2364 1150 2418 tam
1161 2353 1334 2439 precipue,
1352 2366 1480 2440 tamque

326 2455 518 2518 admirabiles
528 2461 631 2537 partes
642 2454 764 2516 luerunt
777 2452 974 2515 amantissimi
985 2452 1117 2534 parentis
1126 2453 1187 2531 tui,
1199 2460 1232 2516 ut
1243 2455 1481 2519 omnesdomes-
1525 2451 1532 2460 “

326 2552 392 2614 tice
406 2550 646 2630 consuetudinis,
660 2568 697 2611 ac
705 2549 827 2631 paterni
841 2567 913 2630 erga
925 2555 956 2611 te
969 2549 1081 2612 amoris
1093 2549 1224 2612 rationes
1237 2550 1388 2631 religioni,
1397 2559 1481 2616 tuar-

325 2670 386 2731 que
411 2650 531 2713 utilitati
551 2648 760 2732 posthaberet,
784 2654 842 2710 ture
861 2647 991 2710 vicissim
1011 2648 1147 2728 pietatis,
1168 2650 1272 2731 tuique
1292 2651 1385 2714 officii
1409 2673 1481 2718 esse

326 2747 432 2826 debet,
448 2754 483 2810 ut
492 2748 523 2809 in
534 2744 689 2809 referenda
702 2762 758 2826 pro
768 2749 853 2807 tanto
862 2745 1009 2808 beneficio
1025 2747 1122 2826 gratia
1138 2749 1251 2810 nullam
1264 2767 1388 2829 curam,
1402 2755 1481 2815 nul-

325 2845 387 2908 lam
403 2843 592 2928 diligentiam
605 2841 797 2904 intermittas.
811 2842 865 2904 Cui
878 2842 1000 2923 quidem
1015 2844 1135 2905 muneri
1149 2847 1291 2926 preclare
1308 2852 1374 2908 tam
1384 2850 1481 2912 satis-

324 2940 474 3004 facturam
485 2947 516 3002 te
526 2958 592 3002 esse
599 2938 780 3016 existimato,
791 2956 888 3000 cuma
899 2938 1028 3001 coelestis
1039 2939 1082 3001 tui
1091 2940 1195 3021 spousi
1206 2941 1307 3004 divina
1314 2941 1481 3007 clementia

325 3056 428 3101 veram
437 3037 479 3100 illi
492 3036 666 3100 felicitatem
678 3034 797 3097 assidue
813 3042 903 3116 atquc
916 3034 1002 3097 enixe
1012 3035 1102 3098 fueris
1112 3036 1284 3118 deprecata.
1296 3037 1376 3121 lllud
1392 3058 1480 3119 praa-

323 3143 407 3197 terea
422 3134 509 3197 valde
531 3136 593 3196 Nos
606 3139 742 3210 recreat,
756 3132 839 3212 quod
856 3151 913 3212 pro
931 3135 1175 3214 perspectissime
1195 3142 1248 3199 tuo
1265 3137 1296 3198 in
1308 3137 1480 3201 Ecclesiam

323 3233 440 3309 studio,
452 3231 483 3292 in
491 3231 572 3292 hanc
584 3232 617 3291 S.
632 3229 740 3291 Sedem
752 3228 926 3307 devotione,
937 3249 973 3292 ac
984 3231 1015 3293 in
1028 3235 1090 3295 Nos
1102 3234 1231 3315 pietate,
1244 3235 1282 3297 de
1292 3254 1354 3316 qua
1364 3239 1479 3318 preci-

183 3355 191 3362 ·
267 3365 271 3373 -
323 3347 385 3410 pue
403 3327 546 3390 certiores
557 3327 630 3388 facti
647 3343 792 3386 sumusa
808 3326 971 3389 venerabili
990 3328 1083 3392 fratre
1096 3332 1282 3395 Bernardino
1298 3333 1480 3416 Arcbiepis·

323 3444 402 3507 copo
410 3428 597 3487 Damasceno
608 3424 718 3484 Nostro
724 3421 840 3485 Nuneio
852 3442 1006 3506 nunquam
1013 3425 1154 3491 defutura
1162 3430 1274 3510 pariter
1282 3430 1340 3492 sint
1351 3437 1478 3497 tuarum

323 3522 531 3607 precationum
545 3518 695 3598 subsidia,
709 3519 819 3600 quibus
831 3528 862 3582 et
870 3522 1008 3584 Ecclesia
1017 3524 1149 3604 utilitati,
1164 3532 1195 3588 et
1205 3526 1377 3608 apostolica
1387 3527 1479 3593 Sedis

323 3620 515 3697 tlrrnitati,et
530 3617 725 3682 imbecillitati
735 3620 900 3700 presertim
911 3622 1026 3683 Nostra
1041 3624 1228 3687 consulatur.
1242 3627 1339 3699 Quare
1351 3624 1478 3691 dumea

323 3721 515 3784 vehementer
531 3724 590 3778 ate
604 3715 705 3779 officia
715 3718 920 3797 postulamus,
937 3718 1066 3781 invicem
1082 3721 1136 3790 tibi
1146 3740 1252 3785 omnes
1266 3723 1385 3803 paterni
1398 3722 1432 3785 in
1445 3732 1477 3789 te

323 3815 431 3894 studii,
443 3832 479 3876 ao
490 3813 647 3894 pontificia
660 3813 795 3876 caritatis
808 3814 924 3879 fructus
937 3816 980 3879 ita
996 3817 1175 3899 deferimus,
1188 3827 1222 3883 ut
1235 3821 1310 3883 nibil
1321 3839 1388 3885 esse
1396 3840 1477 3902 pos-

323 3915 376 3995 sit,
388 3913 420 3976 in
437 3930 498 3994 quo
516 3928 578 3972 non
593 3911 718 3993 obseqrri
730 3910 880 3975 desiderio
898 3917 1306 3996 tuo,tuarpueadvirtute1n
1321 3918 1476 3984 alacritati

323 4025 514 4090 summopere
527 4007 696 4088 cupiamus.
712 4011 829 4073 Interea
842 4009 902 4071 etsi
922 4010 1044 4074 minime
1064 4013 1192 4076 dubium
1211 4014 1304 4076 Nobis
1317 4015 1375 4093 sit,
1395 4018 1476 4096 quin

323 4106 525 4170 sanctissimas
536 4103 621 4167 istius
634 4104 761 4167 instituti
770 4107 1015 4188 legestamquam
1026 4128 1117 4172 suave
1133 4110 1256 4190 jugum,
1270 4129 1306 4173 ac
1317 4129 1396 4175 onus
1406 4112 1474 4176 lere

322 4224 379 4287 pro
391 4206 435 4269 tui
445 4204 537 4268 animi
548 4204 702 4266 voluntate
713 4205 849 4268 subitura
859 4204 915 4282 sis,
926 4212 1027 4268 tamen
1039 4226 1110 4270 cum
1121 4207 1186 4269 lieri
1197 4207 1349 4273 interdum
1358 4209 1474 4289 soleat,
1494 4256 1498 4261 -

324 4306 358 4362 ut
377 4301 483 4363 exinde
498 4301 529 4362 in
548 4299 670 4381 spiritus
685 4300 852 4381 angustias,
874 4319 910 4362 ac
925 4300 1033 4364 nimios
1048 4303 1140 4367 animi
1157 4304 1281 4368 timores
1302 4303 1472 4384 incidatur,

323 4394 503 4462 confessario
523 4402 577 4458 tuo
595 4403 660 4457 tam
676 4397 814 4477 prasenti
835 4415 928 4478 quam
941 4396 1043 4459 futuro
1062 4416 1118 4480 pro
1138 4405 1274 4481 tempore
1291 4399 1475 4467 facultatem

322 4497 430 4574 Nostra
448 4503 554 4576 sponte
566 4497 692 4576 damus,
707 4502 740 4557 ut
754 4515 791 4559 ea
809 4498 980 4578 regularum
999 4497 1182 4562 relaxatione
1197 4518 1233 4562 ac
1244 4498 1475 4580 dispensatione
1490 4563 1495 4569 ,
