3188 5414
219 491 271 541 262
647 481 850 538 cumulantis
868 481 934 535 xlv

217 592 412 669 demgnmm,
448 588 618 668 caeterisque
644 585 801 648 contrariis
825 558 1082 665 quibuscumque.¹
1101 581 1213 640 Datum
1247 579 1372 646 Romae,

216 689 299 765 apud
312 688 451 747 Sanctam
468 689 597 746 Mariam
611 687 771 762 Majorcm,
787 684 839 743 sua
855 683 977 742 Annulo
998 681 1173 746 Piscatores,
1194 675 1245 735 die
1267 686 1302 734 13
1317 690 1375 733 aa·

217 791 296 862 quati
314 796 401 861 1773,
409 787 607 862 pontificatus
621 786 717 844 nostri
735 799 814 840 uano
828 784 944 858 quinto.

710 1014 865 1086 CCXXX.

465 1174 641 1217 caulssutlu
663 1173 699 1228 lN
721 1173 855 1215 cualsuo
877 1171 970 1214 alum
992 1169 1117 1212 NOSTRAE

262 1281 399 1340 MARIAE
419 1279 621 1339 THERESIAE
640 1279 857 1339 HUNGARIAE
877 1274 1034 1337 REGINAE
1055 1271 1329 1339 tremonem,

487 1394 613 1442 NEONON
629 1394 779 1442 BOHEMIAE
792 1393 919 1440 REGINAE
935 1390 1096 1448 ILLUSTRI,

399 1492 429 1538 ΙΝ
445 1490 646 1538 ROMANORUM
662 1488 899 1546 IMPERATRIGEM
915 1487 1042 1535 ELEGTAE
1055 1484 1178 1543 VIDUAE,

526 1595 760 1675 CLEMENS
788 1598 914 1673 PAPA
943 1593 1049 1670 XIV.

973 1747 1066 1802 Roma,
1080 1745 1107 1790 rt
1123 1739 1218 1803 augusti
1234 1741 1306 1788 1773.

261 1853 438 1928 tortosano,
452 1860 521 1922 eta,
538 1852 667 1915 Dilectus
678 1852 755 1913 iilius
775 1858 877 1913 noster
890 1847 1038 1910 Antonius
1048 1844 1199 1925 Eugenius
1217 1844 1250 1903 S.
1273 1844 1312 1903 R.
1334 1843 1370 1901 E.

218 1948 380 2011 Cardinalis
390 1950 581 2012 ViceComes
591 1950 820 2012 nostronomine
832 1946 1010 2028 Apostolicm
1017 1940 1244 2020 MajestatiTuae
1249 1937 1372 2014 reddet,

218 2069 310 2129 quam
323 2050 361 2111 ad
374 2057 404 2111 te
426 2051 574 2112 mittimus
586 2050 702 2111 musivo
719 2066 808 2129 opere
828 2046 1014 2108 elaboratam
1030 2040 1185 2114 tabulam,
1205 2037 1237 2098 iu
1254 2055 1319 2116 qua
1332 2036 1372 2097 ab

219 2148 284 2227 ipso
297 2149 490 2228 pontificatus
512 2149 606 2210 nostri
621 2148 705 2208 initio
725 2145 867 2207 inchoata
881 2162 916 2204 ac
938 2159 1034 2222 nuper
1052 2139 1188 2202 absoluta
1202 2142 1374 2217 augustum

220 2251 306 2304 tuum
326 2245 422 2304 filium
438 2245 605 2326 losepbum
621 2245 750 2305 electum
764 2244 971 2304 Romanorum
987 2238 1200 2316 imperatorem
1217 2252 1282 2296 una
1296 2252 1371 2295 cum

222 2339 374 2418 Leopoldo
386 2341 496 2418 Magno
504 2340 628 2402 Etruriae
641 2339 718 2401 duce
731 2339 844 2400 affabre
862 2337 988 2418 exprimi
997 2333 1179 2397 curavimus.
1193 2332 1272 2393 Cum
1286 2331 1373 2393 euim

217 2435 283 2510 jam
296 2453 333 2494 ex
348 2435 399 2496 illo
414 2441 550 2515 tempore
560 2442 702 2497 testatam
713 2435 767 2496 tibi
784 2453 848 2496 esse
858 2450 1037 2515 cuperemus
1056 2436 1215 2510 paternam
1229 2433 1372 2495 nostram

219 2530 399 2608 singularem
421 2532 451 2591 in
465 2538 495 2592 te
509 2533 711 2610 voluntatem,
725 2533 840 2594 nullam
852 2550 917 2593 rem
940 2530 993 2590 tibi
1007 2529 1169 2610 gratiorem
1183 2526 1251 2587 fieri
1269 2544 1370 2606 neque

218 2628 314 2687 ullum
326 2647 344 2687 a
360 2628 454 2690 Nobis
467 2629 616 2709 proficisci
633 2649 721 2710 posse
739 2631 776 2691 ad
788 2639 817 2691 te
835 2648 944 2690 munus
957 2629 1017 2690 hoc
1032 2627 1182 2708 acceptius
1196 2625 1370 2703 duximus,

218 2726 300 2805 quod
312 2727 476 2788 liberorum
487 2729 633 2808 imagines
645 2748 681 2791 eo
693 2729 747 2791 tibi
765 2729 895 2791 cariores
908 2728 1032 2791 referret
1043 2775 1052 2806 ,
1062 2747 1123 2808 quo
1135 2727 1251 2807 magni,
1263 2729 1370 2790 excel-

152 2846 154 2850 ·
217 2824 363 2904 lentisque
378 2824 469 2886 animi
488 2825 587 2886 indole
600 2871 608 2903 ‚
622 2826 714 2888 iidem
726 2827 780 2887 tibi
796 2833 895 2888 essent
909 2825 1075 2888 similiores.
1092 2826 1153 2886 Nos
1164 2823 1289 2904 quidem
1297 2842 1368 2886 cum

217 2923 283 2984 illos
297 2942 400 2985 coram
414 2925 519 3004 paucis
538 2925 647 2987 abhinc
673 2927 758 2988 annis
771 2929 874 2988 Roma
888 2925 1035 3001 vidimus,
1058 2917 1307 3005 spectatoresque
1332 2941 1367 2983 ac
1380 2992 1384 2999 ,

217 3029 306 3083 testes
315 3023 464 3102 preclarae
477 3042 583 3085 eorum
594 3025 725 3110 pietatis,
739 3025 903 3105 religionis
914 3025 1080 3105 dignitatis,
1096 3024 1255 3104 omnisque
1267 3023 1368 3085 laudis

217 3120 341 3197 luimus,
355 3121 560 3183 incredibilem
575 3122 605 3184 in
620 3124 746 3186 modum
759 3125 851 3202 gavisi
865 3143 979 3201 sumus,
994 3123 1135 3202 singulari
1146 3121 1289 3184 felicitate
1300 3128 1365 3198 tua,

217 3234 284 3295 quae
294 3217 403 3277 talibus
413 3217 528 3278 Liberis
541 3224 571 3279 te
586 3225 675 3298 atque
689 3222 856 3298 Augustam
867 3223 997 3281 Dommn
1006 3219 1106 3280 divino
1120 3218 1266 3281 beneficio
1276 3234 1366 3279 orna·

217 3318 281 3371 tam
297 3330 331 3372 ac
345 3312 493 3372 munitam
507 3312 633 3374 videres.
647 3315 743 3391 Hujus
757 3316 851 3394 ipsius
867 3315 1017 3377 felicitatis
1030 3314 1201 3394 laetitiaeque
1215 3321 1270 3375 tua
1288 3329 1364 3373 sen-

217 3430 285 3472 sum
303 3431 359 3491 per
374 3413 437 3473 Nos
452 3417 575 3474 auctmn
586 3396 812 3492 quodammodo
834 3431 869 3476 ac
882 3414 1114 3493 multiplicatum
1129 3412 1166 3473 iri
1186 3427 1366 3485 censemus,

217 3508 430 3570 camillorum
455 3510 554 3570 vultus
578 3509 637 3570 hoc
660 3509 777 3570 artificii
793 3528 901 3589 genere
922 3528 1077 3591 expressos
1100 3508 1155 3569 tibi
1178 3505 1370 3587 frequentius

218 3605 407 3686 usurpandos
417 3624 633 3686 proponamus,
649 3609 692 3667 Ex
707 3606 880 3685 hujusmodi
892 3614 996 3670 nostro
1009 3607 1198 3689 gratificandi
1209 3607 1255 3671 tui
1268 3605 1370 3669 consi·

216 3702 257 3763 lio
273 3703 476 3784 perspectiora
485 3702 539 3763 tibi
552 3703 653 3764 futura
666 3703 776 3764 eximia
789 3710 894 3765 nostra
911 3704 942 3765 in
964 3711 994 3765 te
1009 3703 1109 3765 studia
1120 3701 1323 3781 confidimus,
1339 3710 1370 3764 et

217 3800 466 3880 quotiescumque
477 3800 763 3879 bacjucundissima
776 3802 897 3864 illorum
906 3801 1036 3882 imagine
1041 3801 1194 3882 perfruere
1203 3800 1270 3864 iore
1282 3801 1369 3878 item,

218 3903 251 3957 ut
268 3905 398 3977 paternae
419 3904 528 3958 nostra
548 3897 579 3958 in
602 3904 632 3958 te
657 3905 784 3979 tuosque
804 3900 927 3961 Liberos
947 3900 1083 3961 caritatis
1103 3898 1159 3960 tibi
1178 3897 1209 3958 iu
1232 3902 1371 3959 mentem

217 3996 526 4076 veniatflabeigitur,
540 3997 734 4059 carissimam
744 3996 861 4058 Christo
871 3998 1050 4074 filianostra‚
1061 3996 1120 4058 boc
1131 3993 1248 4057 eximia
1257 3998 1372 4055 nostra

218 4094 292 4156 inte
315 4093 478 4156 voluntatis
504 4094 648 4158 indicium
662 4103 751 4176 atque
773 4093 847 4156 illud
872 4095 979 4157 eodem
998 4094 1099 4155 animo
1124 4091 1251 4172 accipe,
1266 4109 1332 4170 quo
1352 4109 1373 4152 a

220 4190 306 4252 nobis
319 4199 363 4252 est
377 4191 563 4272 profectum,
578 4192 723 4253 nimirum
738 4195 810 4253 Tuae
821 4191 987 4269 Majestatis
1007 4188 1227 4253 studiosissimo
1245 4194 1373 4268 tuaeque

219 4290 359 4367 Augusta
374 4293 487 4352 Domus
497 4290 708 4370 magnitudinis
723 4309 758 4352 ac
780 4290 881 4370 gloria
895 4289 1099 4370 cupidissimo.
1116 4291 1244 4350 Domum
1260 4285 1374 4360 coeles-

219 4382 296 4442 tium
307 4385 525 4449 beneficiorum
538 4387 691 4469 auspicem
709 4393 739 4449 et
752 4386 913 4469 pontificiae
929 4385 1143 4449 benevolentiae
1159 4389 1290 4461 testem,
1305 4383 1373 4444 Au-

218 4487 311 4558 gustae
320 4483 468 4559 Maiestati
482 4488 561 4559 Tua,
576 4485 777 4566 universaque
788 4483 884 4566 Regiae
899 4484 1005 4546 Domui
1022 4481 1216 4564 apostolicam
1228 4476 1374 4550 benedic·
