3188 5414
744 486 949 543 mantuanis
968 488 1036 543 mv

847 631 921 700 XX.

770 797 899 840 uruecuo
922 795 1007 838 mum

310 909 532 984 'uouendum
554 913 712 975 ORDlNlS
733 915 1083 994 GUlLLELMITARUM
1097 914 1230 975 Pulonl
1252 914 1461 988 uenenum,

588 1156 591 1161 Ι
622 1045 855 1126 couneus
882 1047 1012 1125 ΡΑΡΑ
1040 1007 1166 1135 xiv]

1092 1211 1185 1268 Roruae,
1198 1214 1213 1256 ⁹
1225 1206 1320 1267 augusti
1333 1209 1399 1256 1769.

352 1315 480 1385 Dilecta,
492 1323 548 1376 etc.
571 1315 706 1376 Pristinis
724 1318 814 1378 vestri
836 1319 950 1380 ordinis
971 1317 1001 1378 iu
1016 1318 1076 1377 Nos
1090 1314 1196 1376 studiis
1209 1312 1400 1374 consentiunt
1413 1330 1461 1384 ea,

310 1431 376 1491 quae
390 1412 547 1475 nobiseum
561 1414 726 1476 luculenter
741 1416 860 1496 peragis
879 1415 1089 1496 gratulationis
1107 1413 1208 1476 officia
1222 1413 1261 1474 ob
1274 1411 1462 1493 pontilieiam

309 1509 451 1571 divinitus
481 1511 573 1573 Nobis
599 1511 729 1573 delatam
766 1513 964 1593 dignitatem,
996 1531 1063 1593 quae
1090 1512 1163 1591 quin
1197 1510 1270 1572 fusis
1302 1509 1339 1570 ad
1364 1511 1461 1569 Deum

309 1609 377 1688 Opi.
406 1609 484 1669 Max.
507 1628 564 1696 pro
596 1609 771 1673 sustinenda
797 1618 901 1673 nostra
924 1610 1127 1673 imbecillitate
1157 1608 1297 1688 precibus
1321 1607 1461 1668 cumule-

308 1705 365 1782 tis,
383 1704 521 1776 dubitare
543 1707 667 1770 minime
681 1724 862 1790 possumus,
883 1714 972 1789 atque
994 1705 1107 1768 idcirco
1124 1705 1318 1766 vehementer
1340 1699 1462 1765 anobis

309 1802 452 1890 petimus,
465 1810 499 1866 ut
511 1805 542 1867 id
555 1805 656 1886 ipsum
669 1824 725 1887 pro
743 1805 884 1887 vestra'in
897 1807 959 1868 Nos
977 1804 1091 1886 pietate
1105 1803 1134 1864 in
1147 1806 1303 1883 posterum
1318 1805 1462 1881 prestare

308 1918 464 1981 nunquam
478 1903 692 1965 intermittatis.
705 1904 782 1979 Quid
796 1920 867 1968 vero
881 1903 918 1966 de
931 1911 1036 1966 nostra
1047 1920 1118 1982 erga
1128 1919 1182 1962 vos
1201 1899 1356 1961 voluntate
1368 1896 1461 1989 polli-

307 1999 368 2061 ceri
384 2000 470 2063 vobis
484 2001 625 2080 valeatis,
640 2001 806 2083 intelligere
819 2000 906 2064 laoile
920 2000 1046 2083 potestis
1060 2018 1099 2062 ex
1112 2004 1271 2080 perspecta
1284 2001 1388 2057 nostra
1405 2013 1461 2056 ve-

306 2102 370 2159 tere
393 2098 619 2176 benevolentia,
642 2118 734 2180 quam
754 2116 791 2161 ex
804 2099 896 2179 hujus
914 2098 1067 2180 dignitatis
1089 2097 1260 2159 accessione
1282 2113 1343 2156 nou
1361 2095 1460 2156 solum

307 2211 368 2256 non
382 2195 596 2270 imminutam,
614 2194 666 2256 sed
684 2194 771 2256 valde
792 2194 885 2258 etiam
904 2201 1024 2256 auctam
1046 2202 1137 2273 atque
1159 2190 1373 2281 amplificatam
1391 2208 1458 2252 esse

307 2289 491 2367 existimate;
514 2289 679 2369 praesertim
703 2306 774 2351 eum
795 2288 838 2350 tui
859 2289 978 2360 Ordinis
998 2288 1182 2351 monasteria
1206 2307 1224 2350 a
1248 2296 1279 2349 te
1303 2286 1460 2368 diligenter

306 2391 449 2466 lustrata,
462 2394 496 2449 ut
519 2386 642 2464 scribis,
656 2384 788 2448 instituti
807 2385 853 2449 sui
868 2387 950 2467 leges
961 2387 1023 2449 vita
1045 2393 1075 2449 et
1095 2385 1230 2448 moribus
1246 2387 1323 2448 tueri
1338 2392 1460 2468 reperta

306 2474 377 2547 sint.
395 2488 436 2547 De
450 2503 511 2566 quo
529 2482 653 2564 quidem
675 2481 818 2544 certiores
836 2502 855 2544 a
873 2490 904 2544 te
924 2482 989 2544 fieri
1009 2483 1102 2546 Nobis
1120 2483 1177 2544 luit
1191 2483 1456 2562 jucundissimum.

285 2584 404 2646 *Tanto
417 2583 507 2662 igitur
526 2582 621 2662 magis
640 2581 798 2662 pristinam
818 2598 889 2663 erga
905 2600 959 2643 vos
978 2581 1135 2643 ceritatem
1156 2582 1362 2659 cumulamus,
1378 2600 1413 2645 ac
1427 2583 1458 2646 in

305 2683 440 2762 ejusdem
465 2681 645 2747 luculentius
668 2687 878 2762 argumentum
904 2680 1101 2762 apostolicam
1123 2680 1366 2743 benedictionem
1385 2681 1456 2759 tibi,

212 2818 215 2824 -
301 2781 412 2843 dilecte
432 2780 491 2859 mi,
507 2781 706 2862 universoque
728 2779 825 2843 ordini
844 2787 904 2843 tuae
921 2778 992 2842 fidei
1009 2777 1172 2841 commisso
1193 2784 1384 2859 peramanter
1398 2779 1458 2840 im-

304 2878 461 2961 pertimur.
475 2881 586 2944 Datum
599 2880 710 2951 Rome,
722 2885 791 2957 eta,
803 2890 821 2939 9
834 2881 958 2958 auperti
970 2888 1058 2955 1769,
1070 2880 1259 2956 pontificatus
1271 2879 1367 2938 nostri
1376 2895 1458 2938 auno

303 2980 414 3055 primo.

789 3090 953 3103 m

834 3194 925 3264 XXI.

555 3360 728 3403 cnnrssmm
749 3360 784 3402 ΙΝ
806 3360 942 3404 cumano
962 3360 1058 3404 FlLlAE
1079 3360 1207 3404 NOSTRAE

310 3468 312 3473 ’
367 3482 524 3544 munim
554 3483 800 3556 rennuere,
830 3482 1079 3545 annonara
1104 3481 1398 3544 nrosromom

446 3617 485 3664 ΕΤ
501 3564 654 3666 BOlldlssAE
670 3615 798 3665 REGINAE
815 3616 958 3667 lLLUsl'lll
974 3616 1179 3665 IMPERATRICI
1194 3618 1314 3678 Vim,

616 3728 852 3812 CLEMENS
878 3733 1009 3810 PAPA
1037 3732 1145 3809 XIV.

1043 3900 1137 3956 Romu,
1156 3901 1183 3946 ta
1195 3894 1290 3958 augusti
1306 3897 1373 3944 ¹769.

343 4002 522 4074 Carissimo,
541 4007 600 4062 eto.
619 4002 642 4065 ll
656 4003 725 4065 vivo
741 4023 758 4065 e
773 4011 945 4066 veramente
966 4003 1099 4068 cordiale
1122 4003 1265 4065 interesse
1286 3998 1343 4060 che
1364 4015 1454 4080 preu-

302 4097 404 4161 diamo
412 4101 443 4161 in
454 4104 534 4161 tutto
543 4098 591 4160 cid
602 4098 659 4160 che
667 4101 840 4180 appartiene
852 4104 988 4163 aVostra
995 4103 1121 4180 Maesia,
1133 4100 1189 4163 che
1199 4097 1258 4160 ben
1266 4097 1297 4158 lo
1307 4097 1416 4159 merita
1423 4098 1453 4159 iu

301 4196 480 4276 particolare
493 4199 628 4260 muniere
644 4197 693 4260 dal
708 4218 785 4280 capo
798 4200 876 4262 della
890 4199 995 4262 chiesa
1008 4218 1070 4262 non
1082 4205 1167 4262 tanto
1181 4214 1236 4278 per
1246 4195 1277 4256 la
1290 4214 1347 4257 sua
1360 4215 1454 4276 gran-

301 4291 408 4370 duze,
421 4303 537 4373 quanto
554 4315 609 4376 per
619 4297 720 4376 quella
733 4298 847 4360 illustre
860 4297 941 4378 pieta
957 4297 1014 4358 che
1028 4297 1127 4359 forma
1137 4295 1217 4358 nella
1233 4312 1289 4356 sua
1317 4296 1453 4374 Augusta

301 4391 434 4451 Persona
454 4391 474 4451 il
495 4395 649 4474 maggiore
667 4395 697 4455 di
715 4395 786 4457 tutti
802 4397 812 4456 i
827 4396 891 4460 suoi
906 4396 1007 4476 pregj,
1024 4413 1086 4456 non
1107 4393 1135 4454 ci
1154 4393 1216 4474 pud
1237 4399 1399 4475 tratteuere
1421 4389 1451 4450 di

302 4493 404 4548 entrar
426 4506 443 4548 a
462 4497 547 4567 parte
567 4492 596 4552 di
615 4492 714 4572 quella
737 4511 854 4554 somma
877 4490 1083 4554 consolacione
1101 4489 1156 4552 che
1181 4493 1251 4553 aura
1272 4496 1398 4572 provata
1421 4488 1450 4549 la
