3188 5414
249 523 300 589 270
491 562 494 568 .
680 517 881 571 cluastralis
900 516 963 570 xlv

247 622 409 703 quotannis
421 621 477 683 erit
489 622 663 682 renovanda
673 647 685 697 ‚·
695 628 728 683 ut
744 622 819 682 sacri
837 639 985 700 canones,
1001 639 1036 683 ae
1051 621 1115 702 ipsa
1126 621 1218 683 etiam
1230 626 1403 701 generatim

247 726 369 801 recepta
390 720 467 781 inter
485 719 650 781 catholicos
668 718 854 781 consuetudo
874 718 1083 798 praescribunt.
1096 718 1155 781 Sed
1176 719 1240 780 heo
1253 720 1401 800 prolixius

248 819 302 881 tibi
317 835 570 895 commemorare,
582 836 650 897 quar
666 823 699 879 tu
715 817 834 897 optime
840 816 916 878 nosti
929 861 937 894 ,
953 834 1073 879 neeesse
1087 835 1148 878 non
1162 824 1220 878 est.
1237 818 1315 879 lllud
1325 838 1399 879 sane

247 933 424 996 persuasum
436 914 583 992 ltlajestati
595 916 666 974 'lue
675 931 738 974 esse
750 915 896 991 majorem
911 913 941 974 in
955 913 1080 974 modum
1094 913 1254 994 cupimus,
1267 915 1399 994 plurima

247 1003 308 1075 Nos
320 1013 412 1075 animi
423 1013 611 1092 jucunditate
625 1011 748 1073 allectos
759 1010 866 1087 tuisse,
878 1029 949 1072 eum
959 1010 1207 1090 intelligeremus,
1219 1011 1302 1072 abeo
1313 1029 1397 1090 rege,

226 1103 230 1112 ’
247 1111 298 1192 qui
312 1110 425 1192 pietate
437 1128 498 1172 non
512 1109 612 1170 minus
625 1128 717 1190 quam
729 1108 853 1171 consilio
867 1116 1007 1190 prestat,
1018 1108 1108 1171 istam
1122 1127 1187 1170 esse
1200 1127 1398 1190 euram,an

246 1215 276 1270 et
294 1207 332 1270 de
345 1207 487 1288 religione
505 1212 536 1267 et
555 1205 593 1267 de
615 1205 769 1288 republica
784 1206 898 1287 optime
911 1207 1019 1269 mereri
1038 1206 1150 1287 possit,
1168 1225 1204 1268 aa
1225 1206 1397 1270 immortale

247 1305 293 1367 sui
305 1302 437 1367 nominis
450 1303 541 1364 decus
556 1303 636 1383 apud
645 1316 918 1385 suosoomparare‚
933 1296 969 1366 et¹
975 1302 1014 1364 ad
1024 1302 1234 1384 posteritatem
1245 1301 1398 1364 transmit-

245 1411 319 1465 tere.
334 1401 433 1463 Faeile
447 1399 528 1461 enim
552 1400 679 1480 quisque
696 1399 777 1463 videt
796 1420 948 1463 summam
962 1401 998 1462 iis
1011 1400 1113 1463 deberi
1134 1401 1259 1462 laudem
1271 1401 1326 1482 qui
1344 1420 1397 1462 sua

245 1516 354 1579 opera,
366 1476 439 1577 ope‘,
461 1513 497 1557 ac
509 1501 659 1577 potestate
671 1496 710 1557 ad
723 1497 870 1578 optimam
886 1497 1052 1576 juventutis
1066 1495 1287 1559 institutionem
1300 1499 1343 1559 ita
1353 1499 1395 1559 usi

245 1594 315 1673 sint,
325 1601 359 1658 ut
368 1592 487 1675 egregia
497 1611 533 1654 ae
544 1598 690 1674 perpetua
701 1595 861 1674 religionis,
878 1614 1010 1673 morum,
1021 1596 1146 1677 publice
1158 1595 1393 1676 tranquillitatis,

245 1710 316 1773 erga
343 1691 474 1774 patriam
496 1688 622 1767 amoris,
649 1707 720 1769 erga
747 1709 849 1770 regem
871 1691 1007 1772 obsequii
1031 1691 1230 1753 fundamenta
1256 1692 1390 1770 iecerint.

78 1825 80 1829 <
161 1832 163 1837 ,
245 1792 280 1850 D.
300 1791 392 1857 mn.
408 1787 495 1850 enine
511 1789 926 1869 precamurthajestatem
939 1791 1036 1851 Tuam
1054 1788 1085 1850 in
1098 1789 1157 1850 hoo
1175 1789 1230 1850 tibi
1245 1789 1392 1870 patefacto

245 1892 321 1948 teria
340 1886 440 1968 gloria
454 1886 552 1967 spatio
571 1885 780 1948 decurrentem
794 1903 849 1947 sua
863 1884 973 1949 omlesti
994 1885 1090 1966 grafia
1103 1892 1270 1964 sustentet,
1287 1905 1323 1948 ae
1339 1887 1391 1949 ad-

241 1985 345 2062 juvet,
365 1983 463 2065 deque
480 1990 533 2045 tua
550 1983 694 2064 regnique
713 1982 758 2045 tui
771 1982 914 2045 felicitate
931 1985 1003 2044 vota
1018 1989 1122 2044 nostra
1135 1989 1203 2044 rata
1217 1981 1313 2063 faxit,
1331 2003 1392 2065 qua

243 2100 313 2144 oum
327 2081 491 2164 apostoliea
512 2079 718 2142 benedictione
737 2079 963 2160 conjungimus,
978 2081 1075 2159 quani.
1089 2078 1163 2156 tibi,
1185 2080 1342 2142 rarissime
1362 2083 1391 2142 in

244 2179 360 2242 Christo
374 2179 416 2240 tili
438 2183 551 2255 noster,
566 2177 674 2238 intimo
685 2176 803 2257 paterni
815 2176 915 2238 cordis
931 2194 1021 2238 sensu
1035 2175 1242 2238 ammussime
1255 2176 1392 2260 imperti-

243 2272 323 2338 mu'r.
336 2278 448 2339 Datum
457 2278 557 2337 Rornoe
568 2276 649 2354 apud
661 2275 805 2337 Sanctam
814 2277 945 2336 Martum
954 2274 1176 2352 mmeramme
1188 2276 1392 2339 Anautora-

243 2380 364 2451 oatorts‚
379 2377 428 2436 dte
443 2385 479 2434 ta
490 2374 653 2435 &commta
666 2381 757 2449 ¹778,
771 2376 963 2450 pontificatus
978 2377 1167 2434 nortmanno
1180 2377 1303 2451 quinto.

721 2493 900 2504 ———
936 2491 939 2498 ”

732 2595 895 2673 ccxliv.

647 2759 838 2805 venantium
862 2764 973 2807 naarai

479 2866 669 2927 IGNATIO
696 2868 907 2928 EPISCOPO
933 2868 1148 2931 VILNENSI
1225 2899 1230 2906 ·

540 2975 785 3084 ‘casurus
811 2970 938 3069 rara
967 2969 1073 3069 xivss

955 3143 1048 3202 Romae,
1064 3146 1092 3191 m
1106 3141 1241 3195 decembris
1255 3149 1322 3194 1773.

156 3259 164 3272 ·
246 3243 1390 3325 ¹Venerabilis,ate.MagnoperegavisisumuS‚VenerahilisFrater‚oumte

239 3339 390 3421 injeorum
401 3354 466 3399 esse
479 3354 606 3400 numero
623 3338 831 3421 intelleximus,
844 3341 954 3422 'quibus
965 3341 1205 3410 ordinandorum
1216 3343 1389 3408 studiorum

239 3432 423 3514 rationisque
433 3433 609 3512 statuendae,
619 3453 680 3515 qua
690 3435 721 3497 in
733 3436 862 3499 Potoniae
873 3455 965 3517 regno
976 3435 1091 3499 institui
1098 3428 1388 3520 juventutemopor-

239 3539 320 3608 teat,
342 3530 552 3611 gravissimum
571 3550 668 3614 nuper
689 3542 734 3596 est
747 3552 858 3596 munus
874 3535 1100 3599 demandatum.
1124 3539 1204 3601 Nam
1218 3557 1291 3601 eum
1305 3541 1388 3621 leges

239 3634 399 3709 propterea
416 3627 581 3689 sanciendo
597 3628 747 3709 pertinere
762 3630 927 3711 plurimum
947 3632 987 3697 ad
999 3634 1274 3715 mores,·pietatem
1287 3643 1318 3697 et
1330 3655 1387 3697 aa·

236 3724 354 3787 tholicae
374 3724 465 3787 etium
490 3725 641 3806 religionis
660 3726 861 3807 integritatem
875 3728 1011 3808 possiun-
1027 3739 1203 3812 pergratum
1215 3733 1310 3796 Nobis
1328 3733 1387 3796 tuit

236 3829 267 3883 te
278 3821 384 3883 iisdem
399 3821 526 3884 ferendis
539 3840 599 3884 non
611 3823 710 3885 solum
720 3823 897 3901 affuturum,
906 3825 960 3889 sed
971 3826 1287 3907 pratutmumetiam
1298 3830 1390 3909 eujus

235 3919 416 3997 pastoralem
426 3918 557 3982 in'relrus
570 3919 742 3999 hujusmodi
760 3920 943 4000 vigilantiam
963 3924 1078 4005 optime
1091 3926 1251 4006 cognitam·
1257 3934 1288 3988 et
1299 3945 1384 3991 sour-

235 4023 352 4096 pertam
371 4016 529 4080 habemus.
551 4017 749 4080 Nihilominus
762 4037 818 4100 pro
838 4023 1007 4102 apostoliea·
1021 4024 1114 4087 etiam
1122 4026 1383 4102 nostraomninm

235 4115 430 4178 ecelesiarum
448 4114 647 4179 sollieitudine
662 4117 693 4178 in
710 4135 743 4178 re
763 4119 887 4181 maximi
906 4120 945 4182 ad
964 4121 1033 4183 fidei
1054 4122 1294 4193 incolumitatem
1312 4142 1392 4187 mm.

235 4213 339 4291 menti,
347 4220 384 4275 et
394 4220 464 4294 'qum
474 4212 604 4294 proinde
616 4214 833 4296 ‘episcoporum
844 4216 1029 4296 diligentiam
1042 4218 1174 4287 excitare
1187 4234 1392 4304 summopere.

234 4308 344 4388 debeis
353 4311 400 4372 ad
412 4311 491 4376 hano
506 4317 591 4373 tuam
607 4311 753 4376 eximiam
762 4313 954 4379 alacritatem
971 4315 1070 4378 studia
1081 4316 1176 4387 etiam
1191 4318 1384 4383 eohortatio—

112 4488 115 4492 λ
139 4390 142 4395 ’
233 4416 345 4487 neuque
353 4409 684 4491 nostraaadjuugandas
694 4411 844 4477 duximus.
857 4413 1034 4494 Ateitaque
1042 4415 1184 4495 petimus,
1194 4417 1384 4481 Venerabilis

214 4506 352 4584 *Fraten‘
368 4514 456 4587 teque
476 4510 720 4590 quammaxime
743 4511 776 4576 in
796 4511 924 4578 Domino
940 4528 1109 4602 possumus·
1120 4500 1394 4606 adhortaremini-
