3188 5414
217 504 251 554 98
646 497 848 552 CLEMENTlS
866 499 931 552 ΚΝ

217 624 336 679 sunnis,
354 610 494 682 irritaque
507 603 645 662 innncnsi
661 601 760 681 gaudii
780 621 814 663 ac
830 601 1027 682 jucunditatis
1038 601 1065 664 vi
1086 608 1229 684 patemus
1243 599 1376 663 animus

216 709 317 784 noster
335 699 481 761 redundat
497 706 586 781 alque
597 702 756 777 exuberat,
769 709 803 761 ut
817 708 920 762 nostro
932 701 1003 762 huic
1025 719 1146 765 summo
1162 700 1374 780 auprreincrc-

216 797 299 858 dibili
315 796 413 858 studio
432 798 631 876 obsequentes
643 799 774 858 maxime
792 800 852 860 Nos
866 798 921 879 ipsi
942 801 1102 875 interesse,
1124 815 1159 859 ac
1180 814 1271 859 sacre
1287 797 1374 859 illius

217 897 381 959 vestitionis
394 897 600 958 celebritatem
612 902 753 978 peragere
766 915 944 977 cuperemus
952 943 961 974 ,
976 904 1008 958 nt
1020 900 1135 977 quanta
1146 895 1282 957 maxima
1292 912 1373 975 pos-

217 1001 262 1055 set
275 993 313 1054 ad
328 1013 396 1056 eam
415 994 564 1056 actionem
579 996 671 1057 etiam
682 1013 718 1056 ex
732 996 885 1076 pontificia
896 995 1107 1076 perfunctione
1125 999 1231 1056 nostra
1247 992 1373 1057 decoris

218 1111 253 1153 ac
267 1093 431 1172 splendoris
443 1093 527 1154 ficret
540 1095 683 1155 accessio.
697 1094 754 1155 Sed
765 1093 909 1174 quoniam
919 1094 1030 1173 optatis
1040 1091 1213 1169 hujusmodi
1228 1092 1370 1153 locorum

216 1192 371 1253 intervalla
383 1193 444 1254 Nos
456 1192 626 1254 satisfacere
640 1211 701 1254 non
720 1194 837 1269 sinunt,
852 1192 964 1273 idcirco
978 1190 1147 1271 specialiter
1162 1189 1202 1251 ad
1220 1188 1251 1250 id
1265 1187 1371 1269 ipsum

216 1286 298 1347 hisce
310 1287 416 1348 litteris
428 1289 537 1348 nostris
552 1287 732 1368 deputamus
744 1296 789 1364 te,
802 1287 988 1349 Venerabilis
1000 1289 1115 1362 Frater,
1130 1302 1167 1349 ac
1179 1285 1220 1346 ita
1229 1284 1372 1346 destina-

217 1406 298 1463 mus,
316 1395 350 1450 ut
372 1391 402 1449 in
422 1407 457 1449 ea
470 1387 648 1469 peragenda
667 1406 757 1449 sacre
778 1387 943 1448 vestitionis
963 1386 1142 1447 ceremonia
1162 1391 1281 1447 nostras
1295 1401 1373 1464 agas

216 1487 311 1562 vices,
325 1495 488 1567 nostroque
500 1487 621 1548 nomine
635 1505 746 1547 munus
760 1486 790 1547 id
809 1493 945 1566 prastes3
964 1503 1001 1545 eo
1015 1484 1097 1545 enim
1107 1483 1200 1544 modo
1208 1489 1370 1563 tamquam

216 1584 277 1644 Nos
294 1585 349 1665 ipsi
372 1585 596 1660 interessemus,
618 1603 654 1645 ac
677 1584 923 1646 dilectissimam
941 1584 1058 1647 Christo
1072 1583 1153 1645 Filie
1170 1590 1280 1646 nostrae
1299 1584 1372 1646 ani-

217 1701 302 1744 mum
315 1682 353 1744 ad
366 1674 546 1745 castissimas
563 1682 663 1763 sponsi
679 1682 724 1743 sui
739 1682 857 1744 Domini
871 1688 991 1764 nuptias
1004 1683 1193 1745 anhelantem
1207 1690 1373 1764 presentes

217 1779 414 1856 intueremur,
427 1779 592 1840 maximam
610 1787 700 1859 atque
714 1779 864 1859 egregiam
881 1779 1048 1842 videbimur
1067 1779 1166 1841 adbuc
1185 1779 1282 1859 magis
1299 1798 1372 1841 am-

218 1876 383 1956 plificanda
394 1878 501 1939 letitie
514 1886 622 1939 nostre
634 1896 758 1939 causam
771 1877 951 1955 adjunxisse.
965 1879 1112 1938 Preterea
1125 1875 1291 1957 spiritualis
1303 1877 1369 1938 tbe·

218 1974 296 2035 sauri
316 1975 473 2055 largitione
491 1994 653 2037 commune
673 1974 759 2037 istius
780 1974 893 2036 ordinis
916 1972 1061 2055 gaudium
1075 1976 1172 2036 multo
1195 1975 1320 2037 uberius
1333 1994 1371 2038 ac

218 2071 394 2134 luculentius
403 2072 522 2134 efficere
536 2073 711 2148 statuimus5
722 2088 759 2133 eo
770 2072 850 2134 enim
865 2089 957 2134 sacre
970 2072 1136 2134 vestitionis
1151 2072 1201 2134 die
1212 2073 1369 2150 omnibns,

217 2188 282 2247 qua
303 2188 357 2249 per
378 2176 474 2231 totam
492 2175 561 2231 sunt
581 2170 708 2231 Galliam
728 2168 895 2230 carmelitis
908 2170 1086 2232 excalceatis
1108 2169 1292 2232 monialibus
1311 2173 1372 2234 rite

217 2264 360 2326 confessis
375 2284 411 2326 ac
421 2285 506 2326 sacra
518 2267 729 2327 communione
741 2266 875 2341 relectis,
886 2267 998 2347 Deiqne
1012 2267 1226 2347 omnipotentis
1237 2268 1370 2331 clemen·

218 2362 291 2421 tiam
306 2381 361 2442 pro
378 2363 532 2423 catholicae
542 2362 674 2423 ecclesie
684 2362 876 2440 exaltatione,
889 2382 945 2442 pro
961 2363 1117 2433 carissimo
1134 2365 1292 2427 inchristo
1304 2365 1370 2428 lilio

218 2465 320 2519 nostro
347 2457 498 2519 Ludovioo
526 2461 710 2518 Francorum
734 2476 802 2538 rege
827 2459 1081 2522 christianissimo
1104 2462 1228 2542 ejusque
1246 2462 1368 2539 liberis,

218 2555 413 2634 universaque
427 2556 507 2634 regia
525 2555 633 2630 domo,
652 2573 803 2635 regnoque
817 2555 1044 2636 florentissimo,
1055 2578 1090 2620 ac
1104 2561 1297 2640 potissimum
1309 2579 1371 2642 pro

218 2651 292 2712 tanti
308 2650 408 2731 gandii
421 2651 560 2713 ductrice
572 2650 750 2713 sanctissimi
762 2670 842 2736 nunc
852 2653 978 2715 instituti
990 2657 1170 2736 tyrocinium
1183 2657 1321 2736 ineunte,
1334 2667 1370 2720 ut

140 2806 142 2811 ,
217 2747 323 2811 exinde
337 2749 456 2810 ⁴scilicet
472 2768 530 2829 per
548 2749 640 2810 divini
654 2750 776 2830 spiritns
799 2752 915 2828 majora
939 2752 969 2812 in
990 2753 1212 2816 dicsdonaliei
1235 2756 1375 2836 amplius

216 2850 308 2910 etiam
323 2850 503 2927 sanctitatis,
514 2847 727 2929 quamlactum
740 2849 778 2910 sit
790 2849 958 2929 splendoris
967 2851 1022 2932 ipsi
1035 2852 1132 2913 ordini
1140 2860 1369 2931 ornamentum,

217 2946 349 3007 studiose
364 2954 453 3028 atque
472 2947 558 3008 enixe
573 2946 804 3026 deprecantibus
822 2942 989 3027 plenariam
1007 2948 1223 3028 indulgentiam
1237 2949 1370 3031 benigne

217 3042 422 3120 concedimus,
435 3043 560 3123 tibique,
575 3042 760 3103 Venerabilis
774 3034 889 3120 Frater,
904 3043 1097 3121 mandamus,
1110 3050 1144 3106 ut
1157 3044 1216 3106 boc
1229 3051 1371 3107 nostrum

217 3138 348 3197 salutare
371 3155 481 3199 munus
502 3139 658 3218 diligenter
673 3138 767 3198 iacias
791 3139 931 3200 omnibus
946 3140 1058 3219 quibus
1071 3159 1150 3220 opus
1162 3147 1226 3218 est,
1245 3148 1371 3203 mature

217 3235 401 3295 innotescere
407 3259 417 3308 ;
429 3254 465 3296 ac
479 3235 509 3295 in
521 3233 681 3315 pontificia
694 3241 803 3294 nostre
813 3235 1025 3298 benevolentiae
1035 3239 1155 3318 pignus,
1168 3237 1372 3319 apostolicam

216 3329 470 3407 benedictionem,
492 3331 563 3407 tibi,
588 3330 774 3390 Venerabilis
802 3333 917 3409 Frater,
944 3343 1136 3412 peramanter
1164 3335 1371 3416 impertimur.

217 3434 327 3493 Dotem
339 3434 446 3502 Rome,
458 3432 588 3508 etc.,alte
604 3441 637 3490 tt
644 3432 724 3506 jatii
738 3439 823 3506 1770,
832 3435 1122 3509 pontificatusaostrt
1133 3435 1369 3512 aaaoaccundu.

697 3552 874 3565 *mun—n-

757 3661 827 3733 XC.

628 3830 819 3875 veneranter
843 3831 956 3872 rnxrar
1007 3883 1009 3887 .
1124 3867 1164 3871 >i
1270 3862 1273 3866 Α
1374 3849 1377 3855 =

383 3936 551 3997 NlCOLAO
572 3937 746 3996 ANTONIO
767 3936 952 3997 EPISCOPO
965 3908 1193 3998 'veronensi
1303 3963 1306 3971 ·

464 4053 761 4175 *cennens
789 4060 917 4137 rara
948 4058 1053 4138 xlv,
1167 4060 1219 4066 “
1330 4060 1344 4069 ·’

1019 4213 1111 4268 aona
1124 4215 1154 4263 20
1165 4180 1219 4284 intr
1234 4212 1303 4264 nro
1318 4255 1341 4265 ..

259 4317 456 4386 Venerabilis,
469 4321 523 4375 etc.
533 4315 694 4395 Fgregium
705 4333 781 4396 opus
791 4314 828 4374 de
835 4315 963 4376 occultis
972 4315 1024 4375 Dei
1031 4314 1260 4378 basenens-ad.
1271 4326 1368 4375 meru.

216 4412 384 4489 Augustino
397 4410 546 4472 Cardinali
569 4411 689 4470 Valerio
709 4411 999 4472 Praedecessore-tuo
1020 4411 1223 4491 conscriptum
1244 4416 1315 4471 atc
1332 4409 1372 4485 ip

217 4506 315 4572 limem
335 4529 413 4572 nrrnc
433 4511 547 4572 editum
569 4528 648 4584 esso,
665 4519 827 4592 nostroque
845 4510 966 4571 nomine
988 4510 1175 4590 inscriptum,
1188 4516 1251 4570 tam
1272 4507 1375 4571 Noua
