3188 5414
218 510 251 558 ur
648 504 853 558 CLEltlElll'l'lS
871 505 936 556 XlV

218 608 324 669 eudem
346 607 409 667 lnac
432 606 627 684 congregatio
649 606 799 685 ingentem
821 608 902 668 illam
921 607 1194 690 exigere-pecnnia
1214 628 1376 675 sunrruam
1423 646 1428 662 ·

218 702 343 784 possita
362 703 443 763 clara
457 701 604 763 memoria
617 702 782 765 Cardinalis
795 706 937 765 Tournon
950 703 1006 764 sibi
1024 703 1170 783 legatam,
1189 705 1262 766 inde
1277 706 1376 769 etiam

219 800 385 882 expeditior
403 800 501 862 multo
521 799 664 862 fundandi
684 799 919 881 instituendique
938 799 1016 862 illius
1035 800 1154 880 collegii
1170 801 1249 873 ratio
1270 820 1309 864 ac
1322 801 1376 864 ia-

218 905 315 966 cultas
330 901 496 964 accederet.
512 901 555 962 Eo
567 906 657 981 pacto
671 907 701 961 et
714 900 795 961 banc
811 900 909 980 ipsam
924 899 1191 979 congregationem
1204 897 1243 961 de
1257 901 1374 981 Propa-

218 1003 317 1084 ganda
330 1003 402 1065 Fide
415 1001 541 1062 mirifice
553 1000 606 1061 tibi
619 998 818 1060 demereberis
828 1043 837 1075 ,
849 1005 880 1059 et
891 996 1098 1073 Pontificiam,
1110 1015 1173 1078 qua
1182 1015 1256 1077 erga
1268 996 1374 1063 desu-¹

218 1119 286 1161 mus
294 1140 303 1177 ‚
324 1096 521 1178 amplificabis
535 1095 774 1157 benevolentiam
785 1100 934 1170 nostram;
948 1094 979 1154 in
991 1094 1079 1171 cuijus
1092 1093 1203 1174 pignus
1212 1094 1373 1175 Apoetolifg

219 1212 287 1257 isam
297 1194 540 1258 Benedictionem
558 1193 628 1269 tibi,
641 1191 827 1255 Venerabilis
843 1193 959 1267 Frater,
976 1190 1179 1270 tuaquefrdei
1192 1191 1373 1255 concredito

217 1291 735 1375 populoperamanterimpertimur.
749 1293 861 1353 Datum
871 1294 983 1363 nome,
994 1299 1063 1369 etc,
1075 1293 1124 1352 dic
1138 1305 1171 1353 21
1179 1295 1266 1370 jonis·
1279 1305 1370 1357 1770.

217 1395 404 1470 pontificatus
418 1395 515 1452 nostri
529 1408 608 1450 nono
619 1389 761 1450 secundo.

695 1521 879 1532 ——n

701 1629 876 1700 LXXXVI.

479 1789 642 1831 canissruo
665 1789 701 1829 rn
723 1787 854 1829 cunrsro
879 1787 962 1829 rimo
986 1786 1105 1828 nosrao
1213 1848 1216 1852 Ι

326 1895 476 1954 CAROLO
497 1894 730 1954 EMMANUELI
751 1893 945 1953 SARDINIAE
965 1893 1060 1952 REGI
1080 1893 1259 1954 ILLUSTRI

525 2017 759 2096 CLEMENS
785 2019 915 2149 rnen
944 2015 1052 2092 XIV.

1008 2161 1099 2217 Romm,
1115 2164 1144 2207 28
1154 2156 1215 2218 iunii
1233 2163 1303 2210 ¹770.

260 2269 417 2336 Certumne,
428 2274 484 2328 etc.
500 2264 639 2327 Reddidit
652 2265 743 2327 Nobis
757 2265 989 2327 humanissimas
997 2264 1161 2343 ltlejestatis
1169 2268 1240 2327 Tuae
1251 2266 1371 2334 litteras

218 2363 343 2424 dilectus
357 2362 435 2423 lilius
449 2362 558 2424 nobilis
578 2362 622 2423 vir
638 2380 740 2424 comes
753 2363 791 2424 de
810 2363 917 2424 Rivera
937 2362 1070 2424 Minister
1088 2347 1158 2424 tuus
1173 2363 1372 2444 plenipoten-

219 2460 333 2536 tiarius,
348 2466 459 2539 etque
479 2459 510 2519 in
526 2459 563 2520 iis
576 2461 730 2539 postulata
747 2467 816 2521 sunt
828 2505 836 2535 ,
850 2478 970 2521 summo
989 2460 1160 2541 eximioque
1178 2461 1229 2523 illo
1252 2462 1370 2542 studio,

218 2576 279 2637 quo
293 2558 323 2618 in
343 2564 410 2619 tuas
430 2576 478 2619 res
493 2575 558 2619 esse
574 2575 693 2637 semper
708 2559 793 2635 solet,
809 2565 854 2620 est
868 2564 1079 2638 prosequutus.
1102 2559 1241 2621 Postules
1259 2578 1373 2642 nempe
1455 2576 1458 2581 ’

219 2674 236 2714 a
256 2656 348 2716 Nobis
359 2655 508 2736 quaedam,
519 2654 672 2717 carissime
686 2656 717 2717 in
728 2656 846 2718 Christo
856 2657 898 2717 lili
911 2664 1024 2733 noster,
1035 2656 1145 2737 pietate
1155 2663 1372 2725 tamtummodo

218 2763 271 2815 tua
287 2774 323 2823 ac
336 2754 477 2834 religione
492 2753 650 2828 inductus,
665 2754 849 2834 mirificeque
863 2754 1024 2816 confirmas
1037 2754 1079 2831 id,
1094 2755 1177 2835 quod
1190 2755 1230 2819 de
1242 2763 1274 2820 te
1286 2777 1373 2822 sern-

171 2915 175 2930 ,
217 2871 271 2933 per
286 2853 441 2933 gessimus,
454 2852 603 2932 judicium
615 2844 764 2928 nostrum,
776 2852 890 2912 illustre
906 2850 1060 2931 quoddam
1073 2852 1325 2933 christianarum,
1338 2867 1373 2919 et

164 3006 166 3011 .
217 2967 285 3011 vere
299 2950 450 3030 regiarum
462 2949 609 3011 virtutum
624 2948 654 3009 in
665 2949 701 3011 iis
719 2948 870 3026 omnibns,
890 2964 956 3028 quae
969 2946 1084 3009 moliris
1101 2955 1192 3028 atque
1210 2949 1287 3029 agis,
1307 2959 1373 3014 ato

217 3046 368 3125 specimen
384 3046 528 3108 exhiberi.
544 3046 621 3108 lllud
637 3046 729 3107 etiem
743 3063 936 3125 summopere
949 3045 1010 3106 Nos
1030 3043 1169 3123 delectat,
1193 3046 1373 3126 quodcum

217 3143 255 3203 de
280 3143 372 3204 Nobis
394 3145 563 3223 preteleras
581 3143 612 3204 in
636 3143 815 3223 postulando
836 3142 996 3220 fiduciam,
1020 3162 1086 3223 quae
1112 3161 1183 3204 cnm
1204 3143 1370 3224 singulari,

218 3245 308 3317 atque
324 3241 443 3318 egregia
454 3246 557 3301 nostra
571 3257 644 3318 erga
656 3244 685 3300 te
696 3239 849 3300 voluntate
862 3241 1002 3320 praeclare
1013 3242 1175 3318 consensit,
1191 3249 1371 3324 tantamque

217 3336 249 3394 in
269 3334 360 3396 Nobis
381 3335 491 3397 excitat
507 3335 562 3397 tibi
587 3335 774 3414 gratificandi
803 3337 999 3418 alacritatem,
1028 3349 1062 3402 ut
1084 3342 1143 3404 boc
1165 3342 1230 3423 ipso
1254 3348 1371 3409 nostrae

219 3433 307 3512 plane
321 3431 446 3512 obsequi
460 3432 616 3513 cupiditati
626 3432 720 3494 Nobis
736 3433 903 3496 videamur.
923 3437 998 3498 Cum
1015 3437 1116 3518 itaque
1128 3446 1192 3502 tam
1206 3439 1368 3512 distincte,

217 3529 373 3611 perspicue
388 3537 586 3610 accurateque
598 3531 734 3611 exposita
747 3550 783 3592 ac
793 3531 909 3612 digesta
920 3532 1154 3613 offeras-omnia,
1168 3548 1370 3618 quascumque

217 3626 332 3688 adrem
349 3626 509 3707 pertinent,
524 3634 559 3689 ut
572 3627 646 3690 nibil
659 3628 697 3691 ad
714 3630 891 3709 ampliorem
907 3631 1047 3694 notitiam
1067 3633 1229 3712 accedere,
1250 3641 1304 3697 aut
1312 3635 1371 3697 de-

217 3723 342 3793 siderari
367 3723 477 3804 possit,
502 3725 652 3787 sublatam
673 3725 765 3788 etiam
787 3744 911 3788 omnem
937 3729 1029 3790 Nobis
1052 3746 1118 3792 esse
1141 3730 1372 3811 interponendae

217 3841 309 3885 morae
321 3841 445 3886 causam
458 3825 640 3904 gaudemus,
654 3842 749 3904 quum
767 3823 887 3901 stetim,
904 3824 978 3887 dum
995 3826 1049 3888 tibi
1067 3826 1279 3905 rescribimus,
1297 3846 1370 3911 quo

217 3921 294 3984 ratio
310 3927 432 3984 tuorum
449 3922 669 4001 postulatorum
687 3921 834 3982 habeatur
848 3940 866 3983 a
883 3923 987 4002 Nobis,
1002 3924 1160 4005 intelligas.
1176 3927 1371 4007 Quapropter

217 4021 315 4101 Regia
327 4019 475 4098 lllajestati
489 4021 560 4080 Tuae
577 4019 742 4100 apostolica
760 4018 938 4080 auctoritate
949 4020 1153 4099 concedimus,
1169 4029 1203 4084 ut
1216 4022 1371 4087 Abbatiu—

218 4136 298 4194 rnm,
309 4124 339 4179 et
348 4114 529 4198 pensionum
543 4114 657 4178 tructus
669 4116 827 4185 decursos,
845 4123 876 4176 et
888 4117 987 4178 adbuc
998 4119 1170 4197 existentes,
1185 4126 1277 4200 prout
1291 4134 1371 4201 pos-

218 4213 312 4285 tutas,
332 4214 445 4276 scilicet
461 4230 584 4287 earnm,
608 4213 645 4274 ad
658 4232 734 4293 quas
750 4212 915 4275 nominatio
932 4233 950 4274 a
968 4222 998 4276 te
1019 4216 1245 4297 quamprimum
1257 4223 1305 4279 est
1317 4216 1370 4281 fa·-

218 4312 342 4390 cienda,
355 4332 392 4375 ea
408 4320 509 4374 tamen
523 4318 646 4392 excepta
662 4319 748 4394 parte
757 4355 765 4389 ,
780 4328 873 4390 quam
890 4311 920 4371 in
941 4311 1075 4374 favorem
1090 4312 1348 4385 nominandorum
1357 4358 1368 4393 ,

218 4411 272 4467 aut
291 4413 464 4471 evecturum
484 4406 523 4469 ad
542 4405 662 4468 titulum
688 4406 900 4483 relaxandum,
921 4407 1122 4487 judicaveris,
1142 4427 1248 4471 earum
1271 4428 1368 4492 veru„

218 4521 346 4582 quarum
355 4505 690 4589 nominationemjustis
702 4526 718 4568 e
730 4506 829 4570 cnusis
838 4504 966 4567 retinere
975 4523 1152 4585 suspensum
1164 4507 1255 4586 voles,
1268 4524 1370 4589 usque
