3188 5414
354 518 531 576 EPlSTOLAE
550 520 595 576 ET
614 519 746 578 nnnvm
768 516 1003 579 SELECTlOllA.
1203 528 1252 580 115

106 628 250 687 locorum
259 625 361 704 spoliis
375 611 553 704 disjunctos,
566 627 624 688 fide
636 616 781 689 tamen'et
793 628 917 689 caritate
929 622 1253 707 Nobiscum'conjunc-

107 709 239 784 tissimus
252 741 317 784 esse
330 732 360 784 et
378 725 568 813 agnoscimus
584 714 616 787 et
634 726 812 806 gaudemus.
832 727 947 788 Vestris
962 727 1063 807 itaque
1080 726 1172 788 rebus
1183 747 1253 790 om-

107 819 196 883 nibus
205 819 328 900 perinde
340 840 375 883 ae
387 822 499 884 nostris
513 821 673 901 efficimur,
690 842 726 885 ac
741 824 881 903 singulari
893 838 967 886 cura
978 818 1207 905 complectimur
1218 844 1254 887 ca

107 906 221 994 amnia,
236 935 433 998 quaecumque
453 919 491 978 ad
511 937 576 996 vos,
589 926 816 1000 vestrarumque
829 920 1032 982 ecclesiarum
1042 917 1174 983 rationes
1188 924 1255 1003 per-

107 1010 219 1088 tinent,
233 1030 331 1093 neque
345 1012 512 1094 quidquam
530 1015 627 1094 magis
640 1016 795 1096 cupimus,
816 1032 909 1097 quam
929 1024 964 1078 ut
981 1013 1081 1098 reipsa
1096 1036 1132 1079 ac
1149 1019 1255 1081 Ponti·
1350 1012 1362 1023 “

108 1106 176 1169 ficia
198 1124 290 1188 opera
310 1117 414 1170 nostra
426 1111 529 1171 testari
542 1111 626 1172 vobis
639 1105 792 1173 valeamus
810 1127 993 1194 propensam
1011 1131 1082 1192 erga
1100 1132 1169 1192 vos,
1184 1133 1255 1177 ves-

109 1211 248 1284 tramque
264 1206 430 1283 nationem,
447 1225 483 1267 ac
496 1198 585 1287 plane
598 1213 767 1288 paternam,
782 1227 843 1289 qua
853 1226 907 1269 vos
920 1209 1141 1289 prosequimur,
1154 1210 1256 1272 volun-

109 1304 215 1361 tatem.
227 1302 325 1375 Quam
336 1302 500 1364 utuberius
510 1303 596 1364 vobis
605 1304 848 1384 comprobemus,
859 1305 1080 1386 postulatorum
1090 1312 1256 1367 vestrorum

109 1398 259 1460 rationem
279 1399 425 1462 habentes
445 1401 611 1482 apostolica
633 1402 813 1464 auctoritate
827 1396 1002 1463 facultatem
1025 1401 1149 1483 singulis
1171 1402 1257 1464 vobis

108 1491 441 1578 benigneconcedimus
450 1497 533 1559 hisce
542 1498 653 1560 uostris
667 1498 697 1559 in
711 1499 809 1560 forma
823 1498 924 1562 Brevis
934 1498 1054 1577 litteris,
1066 1499 1114 1561 bis
1123 1498 1257 1579 quolibet

110 1587 190 1655 anno
203 1595 392 1657 Pontificiam
405 1596 646 1658 benedictionem
657 1595 844 1676 impertiendi
863 1595 976 1677 populo
994 1601 1098 1658 vestra
1114 1595 1258 1675 cujusque

109 1690 179 1753 tldei
196 1692 369 1768 commisso,
387 1694 514 1755 alterum
525 1694 638 1756 seilicet
653 1694 758 1774 quavis
775 1693 1011 1755 Resurrectionis
1025 1692 1183 1755 dominica
1196 1690 1256 1769 die,

112 1784 240 1851 alterum
253 1809 325 1852 vero
337 1784 394 1852 alia
410 1792 534 1854 solemni
549 1810 603 1873 per
614 1788 728 1854 anuum
743 1791 918 1868 festivitate,
931 1809 1024 1870 quam
1041 1791 1157 1870 judicio
1176 1789 1259 1852 arbi-

112 1889 230 1970 trioque
242 1898 341 1951 vestro
353 1890 542 1970 deligendam
548 1879 756 1970 relinquimus.
769 1886 883 1950 Habete
897 1889 966 1964 boc,
981 1888 1170 1949 Venerabiles
1183 1889 1259 1948 Fra-

112 1994 184 2065 tres,
197 1984 227 2049 in
238 1989 479 2051 luculentissime
491 1993 599 2050 uostrae
612 2005 683 2065 erga
702 2003 755 2046 vos
767 1979 901 2046 caritatis
912 1984 1086 2065 fiduciaque
1100 1983 1257 2062 indicium,
1341 1993 1343 1996 ’

111 2101 209 2164 neque
220 2076 319 2147 minus
333 2104 368 2147 ex
380 2085 580 2167 prolixissimo
596 2084 627 2145 in
638 2102 693 2144 vos
711 2083 811 2144 animo
826 2081 975 2164 proticisci
992 2083 1160 2146 existimate
1173 2101 1259 2164 apos

111 2180 210 2243 tolicae
233 2181 450 2244 benedictionis
467 2183 599 2244 salutare
620 2199 748 2258 munus,
768 2180 851 2261 quod
871 2179 1120 2243 Fraternitatibus
1133 2179 1259 2256 Vestris,

111 2284 275 2359 vestraeque
286 2278 428 2342 custodie
451 2279 624 2342 concredito
637 2277 718 2359 gregi
733 2286 923 2359 peramanter
937 2277 1136 2359 impertimur.
1150 2279 1260 2339 Datum

111 2380 222 2453 Rome,
233 2385 302 2453 etc,
315 2381 366 2444 die
384 2392 401 2444 6
415 2383 525 2460 aprilis
546 2390 615 2440 1111
624 2422 633 2454 ,
645 2379 840 2456 pontificatus
851 2382 944 2437 nostre·
960 2395 1041 2437 caeo
1056 2376 1197 2451 secundo,

607 2599 774 2674 CXllel.w

523 2763 710 2804 venenatum
736 2761 850 2804 rnnrnr

311 2866 503 2924 JOSEPHO
530 2864 745 2925 urlscoro
772 2861 1068 2922 MALACITANO

422 2984 656 3062 CLEMENS
683 2986 810 3061 PAPA
838 2984 944 3060 XlV.

889 3133 985 3190 Romae,
1001 3135 1028 3180 18
1038 3131 1120 3193 aprilis
1134 3136 1200 3183 1771.

162 3243 354 3314 Venerabilis,
368 3248 425 3302 etc.
440 3241 602 3322 Collegium
618 3241 718 3303 Sancti
737 3239 897 3302 Clementis
912 3238 1136 3301 aceleberrimo
1150 3241 1264 3301 Sancte

32 3332 36 3336 ’
116 3342 257 3402 Romane
267 3339 405 3402 Ecclesia
421 3340 571 3401 cardinali
581 3339 758 3402 Albornotio
772 3339 803 3400 in
813 3338 933 3400 civitate
947 3344 1052 3401 nostra
1062 3339 1198 3402 Bononia
1208 3359 1264 3421 pro

115 3437 252 3499 Nationis
270 3438 406 3518 Hispane
422 3438 559 3499 Alumnis
577 3437 763 3515 institutum,
780 3437 820 3499 ob
839 3439 974 3518 egregias
994 3439 1130 3518 ejusdem
1149 3446 1180 3501 et
1197 3442 1264 3521 pie-

115 3533 188 3594 tatis
200 3541 232 3594 et
242 3533 398 3595 literarum
411 3535 515 3596 laudes
533 3534 697 3615 plurimum
718 3534 880 3614 diligimus.
893 3538 1007 3597 Verum
1020 3543 1181 3617 propterea
1199 3538 1265 3600 sin-

46 3689 52 3702 ,
116 3635 213 3716 gulari
234 3635 358 3698 caritate
380 3635 460 3696 idem
483 3635 648 3717 prasertim
669 3634 891 3714 prosequimur,
911 3636 1056 3715 quoniam
1081 3637 1110 3697 in
1131 3637 1265 3701 inclitam

116 3740 248 3794 vestram
272 3732 454 3809 nationem,
469 3751 563 3813 quam
590 3732 717 3794 summis
741 3731 901 3794 Pontificiae
926 3733 1138 3799 benevolentiae
1162 3736 1266 3798 studiis

117 3828 359 3913 complectimur,
371 3846 433 3892 non
445 3829 627 3892 mediocrem
639 3830 678 3891 ab
692 3827 800 3890 eodem
810 3828 978 3892 redundare
990 3830 1148 3894 utilitatem
1161 3851 1266 3912 agnos·

101 3929 225 3991 cimus.
242 3930 437 3990 Summorum
448 3927 531 3988 enim
540 3927 686 4004 virorum,
702 3926 752 4007 qui
764 3923 833 3986 inde
852 3927 1039 4006 prodierunt,
1052 3928 1133 3990 fama
1143 3935 1174 3990 et
1189 3927 1266 3990 cele-

119 4024 230 4087 britate
244 4031 278 4087 ut
291 4025 439 4087 hactenus
450 4023 732 4104 magnopere-illius
749 4029 870 4101 auctam
892 4041 956 4084 esse
968 4025 1096 4104 gloriam
1116 4023 1264 4098 videmus,

119 4121 206 4181 itaet
222 4120 363 4202 deinceps
371 4139 455 4202 aque
469 4119 686 4200 amplificatum
704 4119 739 4180 iri
752 4119 904 4200 cupimus,
916 4139 951 4182 ac
961 4120 1154 4183 vehementer
1168 4119 1281 4181 conli-'

119 4215 231 4277 dimus.
253 4218 455 4299 Quamobrem
465 4222 628 4297 optamus,
645 4223 679 4279 ut
693 4215 713 4278 ii
727 4215 779 4297 qui
803 4215 833 4276 in
853 4215 961 4278 eodem
980 4217 1106 4297 collegio
1125 4216 1266 4278 eximiam

110 4318 262 4374 *navatem
276 4333 295 4375 a
307 4320 337 4374 te
349 4331 473 4395 operum
491 4311 632 4378 omnibus
650 4315 865 4397 probaverunt,
889 4333 950 4377 non
968 4315 1072 4377 deesse
1091 4332 1146 4376 suo
1158 4313 1264 4390 labori,

121 4429 156 4480 ac
169 4410 272 4472 virtuti
293 4411 409 4473 fructus
434 4411 580 4489 sentient,
593 4413 685 4494 utque
705 4429 813 4473 eorum
834 4413 964 4491 premiis
984 4419 1153 4474 ceterorum
1173 4412 1266 4474 etiam

124 4508 225 4587 ardor,
236 4527 272 4570 ac
287 4509 433 4571 industria
448 4509 486 4572 ad
499 4509 619 4571 laudem
641 4510 791 4571 incitetur.
809 4510 936 4572 Proinde
955 4529 1026 4572 cum
1048 4509 1172 4573 dilectus
1189 4509 1267 4570 lilius

1129 4621 1161 4671 10
