3188 5414
342 515 523 575 EPlSTOLAE
540 520 587 575 ET
606 519 741 575 BREVld
762 518 996 577 SELECTlORd.
1185 525 1246 579 '248

95 623 160 699 lrli',
173 621 514 703 in'etusdem'religionis
525 625 564 686 ab
575 623 635 687 illis
648 623 686 687 a‘d
702 643 756 687 vos
765 626 948 688 transmissa
956 626 1124 705 integritate
1135 627 1246 689 tuenda

93 739 177 800 aque
191 737 256 780 esse
270 719 419 780 animatos
436 719 528 781 Nobis
545 728 592 782 est
604 722 890 803 perspectissimum.
907 722 1005 798 Quare
1018 721 1073 784 etsi
1088 720 1246 787 'interdum

20 858 25 871 ·
94 823 196 879 rerum
216 823 386 878 vestrarum
403 823 500 895 status
520 820 664 880 sollicitos
677 823 739 882 Nos
762 821 888 898 babeat,
903 839 938 882 ac
953 821 1128 901 suspensos,
1149 827 1257 901 neque-

27 931 31 939 ·
93 914 162 975 iude
171 913 264 975 divini
271 914 370 975 ovrltus
378 915 546 976 rationibus
560 914 741 978 detrimenta
749 915 857 979 exoriri
876 915 1247 997 possint3ta'menuaitatdr

87 1010 213 1072 virtutis
227 1016 334 1072 vestro
349 1011 461 1072 fiducia
476 1013 665 1090 recreamur,
681 1015 711 1075 in
728 1027 823 1094 eaque
845 1015 978 1076 maxime
990 1014 1243 1095 conquiescimus.

93 1112 158 1171 llac
178 1111 322 1190 preclara
348 1127 419 1189 spe,
441 1115 532 1191 atque
551 1111 668 1174 eximiae
681 1110 787 1174 vestrae
804 1110 876 1192 erga
897 1109 1064 1175 Ecclesiam
1084 1111 1259 1180 voluntatis¹

93 1205 277 1286 rogitatione
297 1205 424 1268 mirifice
443 1207 636 1269 sublevamur
654 1226 672 1269 a
690 1209 868 1288 gravissima
881 1205 974 1271 animi
988 1209 1083 1271 nostrl
1095 1206 1246 1271 'sollicitu-

26 1389 27 1392 ,
93 1308 183 1383 dine,
194 1325 255 1386 qua
266 1313 426 1387 propterea
438 1305 498 1368 hoc
509 1313 646 1386 tempore
655 1307 812 1386 potissime
821 1306 969 1387 angimur.
978 1307 1054 1368 (lum
1066 1307 1149 1368 euim
1162 1312 1246 1386 mag·-
1318 1383 1320 1387 ¹

95 1421 208 1486 nopere
234 1421 393 1465 vereamur
415 1420 455 1464 na
478 1405 530 1484 qui
553 1408 655 1465 motus
673 1403 704 1464 in
725 1403 871 1484 proximis
895 1403 979 1483 regni
1001 1403 1093 1465 vestri
1115 1401 1247 1465 comitiis

93 1518 190 1582 neque
209 1499 380 1562 molitiones
394 1498 537 1561 adversus
551 1499 663 1562 avitam
675 1500 806 1569 nationis
823 1507 930 1562 vestro
954 1499 1132 1580 religionem
1154 1495 1245 1577 bant,

93 1615 148 1657 vos
161 1601 271 1676 prosto
286 1595 405 1657 futuros
418 1596 545 1673 scimus,
556 1612 736 1677 omnemque
748 1613 872 1678 operam
883 1595 1009 1658 daturos
1023 1597 1061 1659 ad
1072 1593 1246 1675 huiusmodi

92 1692 556 1772 conatusomninorepellendos,
569 1711 605 1754 ac
613 1690 1048 1774 proptereaVeuerabilietiam
1059 1691 1155 1755 Fratri
1162 1695 1247 1755 lose·

91 1792 155 1872 piro
166 1786 402 1872 Archiepiscopo
411 1791 512 1872 Beryti
526 1792 678 1854 ordinario
690 1787 794 1855 nostro
803 1790 834 1853 in
843 1792 969 1853 Potonia
981 1790 1099 1853 Nunnio
1107 1791 1246 1872 prasidio

93 1899 185 1970 atque
196 1889 369 1968 adjumenta
377 1889 480 1953 omnia
488 1889 685 1970 praestituros.
699 1888 733 1950 ld
744 1887 868 1968 quidem
877 1894 908 1949 et
916 1892 1080 1968 provestro
1089 1887 1248 1948 Catholicae

94 1979 247 2064 religionis
268 1978 387 2047 tuenda
399 1986 501 2047 olticio
515 1992 546 2047 et
565 2002 622 2066 pro
640 1985 780 2064 singulari
799 2002 861 2064 quo
877 1983 1055 2045 inbarnmati
1069 1982 1139 2044 eutis
1156 1982 1246 2047 divini

96 2083 198 2143 cultus
208 2082 317 2144 ardore
328 2098 382 2142 vos
396 2081 614 2144 studiosissime
629 2081 762 2144 tacturos
772 2096 946 2162 speramus,
961 2085 1064 2140 tamur
1076 2084 1112 2142 ul
1122 2081 1248 2141 summae

95 2181 268 2242 animorum
293 2187 464 2243 vestrorum
489 2179 636 2242 alacritati
661 2179 761 2259 aliqua
781 2178 873 2239 etiam
895 2195 932 2238 ex
961 2174 1121 2239 Pontificio
1144 2178 1248 2238 nostra

97 2276 306 2339 cohortatione
328 2278 382 2340 ilat
401 2276 548 2354 accessio,
564 2275 646 2338 idem
658 2275 750 2337 etiam
768 2292 786 2335 a
803 2272 890 2335 vobis
909 2273 1022 2334 nostris
1043 2272 1127 2334 hisco
1141 2272 1247 2343 litteris

93 2390 188 2452 quam
201 2373 333 2435 maxime
350 2390 513 2454 possumus
524 2371 707 2453 expetimus,
723 2377 814 2452 atque
833 2369 909 2431 adeo
928 2368 1112 2448 flagitamus.
1127 2367 1247 2430 Nullam

95 2489 160 2532 rem
173 2476 267 2533 nostae
280 2470 362 2533 laudi
374 2476 479 2532 vestra
492 2469 684 2550 amplissima
697 2466 831 2531 nationis
852 2465 955 2528 decori
981 2483 1017 2526 ac
1036 2465 1138 2545 gloria
1152 2464 1248 2544 magis

94 2576 339 2649 consentaneam,
354 2563 469 2633 nullam
483 2567 604 2630 utilitati
611 2573 642 2628 et
653 2566 742 2629 saluti
757 2571 862 2628 vestra
875 2563 971 2645 magis
985 2562 1247 2625 accommodatam

95 2665 161 2726 lieri
175 2685 193 2728 a
210 2667 296 2730 vobis
314 2685 403 2748 posse
419 2664 606 2742 existimate,
628 2668 721 2745 quam
746 2661 769 2724 si
786 2660 862 2725 nihil
882 2659 1021 2722 imminui
1040 2659 1079 2721 de
1095 2657 1248 2740 religionis

94 2768 201 2823 vestra
226 2764 385 2825 sanctitate
413 2769 504 2842 atque
525 2759 696 2841 integritate
718 2757 833 2820 sinatis.
859 2756 965 2818 Divina
986 2756 1082 2835 gloria
1104 2754 1246 2834 cultuque

95 2857 243 2936 tutando,
256 2859 389 2922 divinam
402 2858 475 2920 item
486 2856 677 2919 clementiam
696 2873 732 2916 ac
749 2853 878 2916 tutelam
896 2870 989 2934 aqua
1002 2851 1067 2919 sola
1085 2864 1245 2930 regnorum

97 2975 260 3039 rerumque
278 2957 469 3039 publicarum
487 2955 615 3017 felicitas
634 2953 784 3031 dimanat,
803 2951 889 3013 vobis
913 2946 1097 3013 devincietis.
1122 2943 1248 3008 bliritioe

94 3053 188 3115 etiam
205 3053 315 3116 eximia
331 3054 474 3119 vestraein
496 3055 558 3117 Nos
576 3071 612 3114 ac
628 3052 659 3113 S.
676 3050 882 3133 Apostolicam
897 3049 976 3110 hanc
988 3046 1096 3109 Solem
1118 3044 1244 3124 merita,

93 3157 288 3232 nostramque
304 3152 334 3213 in
348 3170 402 3214 vos
419 3150 658 3216 benevolentiam
677 3147 918 3230 ampliticemus,
938 3154 972 3232 ut
991 3145 1079 3209 nulla
1105 3143 1248 3223 amantis

96 3247 165 3308 simi
173 3244 175 3248 ‘
183 3249 317 3330 parentis
326 3248 333 3266 ⁵
341 3249 371 3310 iu
385 3249 519 3330 optimos
532 3248 642 3310 liberos
654 3246 767 3310 amoris
786 3246 1019 3328 significationes
1032 3263 1097 3307 esse
1111 3243 1246 3327 possint,

95 3362 173 3424 quas
197 3346 284 3408 vobis
304 3364 366 3408 nou
385 3345 582 3408 libentissime
605 3345 704 3408 daturi
727 3345 833 3407 simus.
856 3346 984 3407 Domum
1007 3343 1038 3404 in
1060 3341 1248 3406 manifestius

93 3440 256 3520 pontificio
277 3442 308 3503 in
333 3461 387 3504 voe
406 3443 540 3505 caritatis
559 3442 668 3523 pignus
688 3441 886 3522 apostolicam
899 3441 984 3503 vobis
1006 3437 1248 3509 benedictionem

93 3537 288 3619 peramanter
298 3539 498 3621 impartimur.
517 3538 628 3602 Datum
644 3541 755 3610 Romu,
767 3546 838 3609 etc,
852 3541 901 3600 die
914 3553 931 3600 o
944 3529 1051 3600 martir·
1065 3547 1157 3614 titt,
1169 3554 1248 3616 poa-

95 3639 229 3713 tifioatur
245 3643 339 3698 nostri
352 3657 431 3698 onan
442 3645 559 3719 quarto.
1240 3644 1245 3650 '

581 3750 755 3764 Μ
817 3745 820 3751 ’

428 3855 433 3864 ·
500 3932 502 3936 ³
605 3845 744 3916 ccxvi.

509 3996 839 4068 venenantur-rurum
891 4065 893 4069 Ι
991 4066 996 4079 .
1155 4067 1158 4073 .
1202 4071 1204 4076 ,

277 4085 509 4151 vulturario
532 4084 746 4146 EPISCOPO
765 4082 1063 4145 calcofflvlnllsl

407 4190 641 4269 CLEMENS
667 4194 795 4269 PAPA
825 4191 931 4267 XIV.

862 4335 962 4395 Roma,
976 4339 991 4381 o
1006 4330 1083 4380 martii
1099 4333 1168 4380 1773.

142 4433 343 4504 Venerabilis,
366 4439 423 4494 etc.
449 4432 535 4507 Quod
550 4433 675 4496 assiduis
690 4433 766 4493 votis
784 4429 1013 4512 exoptavimus,
1028 4435 1058 4489 et
1072 4426 1103 4488 iu
1118 4446 1180 4508 quo
1200 4447 1243 4490 sa.

94 4551 156 4594 me.
182 4531 319 4592 Clemens
338 4531 406 4591 Xlll
429 4531 630 4594 Pradecessor
656 4537 758 4592 noster
784 4529 934 4608 studium,
959 4535 1048 4608 atque
1069 4525 1247 4588 iudustriam

1098 4638 1141 4693 to.
