3188 5414
472 470 474 475 ’
502 495 685 551 crismam
702 497 747 551 ar
765 497 901 550 BREvln
920 496 1152 552 sammoni.
1344 502 1393 552 aer

729 662 911 734 ccxxvii

624 852 630 863 .
691 821 837 864 blancus
858 821 951 863 rinus

570 918 771 981 ‘CAPITULO
790 921 840 979 ΕΤ
861 918 1064 979 cunomcls

458 1032 731 1083 numoromrunus
748 1033 909 1084 secanam
924 1031 1181 1082 smrsumcnnsis

541 1128 776 1209 aurnuns
815 1132 945 1250 euru
971 1130 1084 1208 xiv,

947 1249 949 1254 Ι
973 1287 1072 1342 Roma,
1089 1289 1117 1332 15
1128 1246 1231 1343 ianuarii
1249 1283 1316 1330 1772.
1402 1315 1407 1325 .

284 1387 413 1456 Dilecta,
425 1393 482 1449 ete.
495 1388 630 1449 Ecclesia
644 1387 701 1450 ista
714 1389 945 1471 Metropolitum
955 1382 1204 1468 Salisburgensis‚
1215 1383 1314 1447 dilecti
1329 1355 1395 1459 tilii,=

243 1480 302 1544 sub
322 1482 455 1563 pristinis
469 1484 702 1580 archiepiscopis
717 1486 795 1564 suis,
819 1505 855 1549 ac
874 1488 932 1549 sub
951 1506 989 1549 eo
1002 1485 1212 1567 potissimum,
1227 1483 1279 1564 qui
1297 1500 1394 1561 nuper

244 1589 370 1660 ereptus
379 1599 533 1643 summum
549 1583 595 1645 sui
607 1583 789 1646 desiderium
798 1585 891 1647 Nobis
902 1584 1033 1666 reliquit,
1043 1583 1175 1664 plurimo
1187 1587 1220 1644 ut
1228 1579 1392 1660 dignitatis,

243 1677 285 1739 ita
299 1678 416 1740 virtutis
434 1679 592 1760 splendore
614 1700 733 1762 semper
752 1683 871 1744 enituit.
888 1682 1018 1745 Maxime
1039 1679 1166 1761 proinde
1177 1685 1344 1760 optamus,
1360 1684 1393 1738 ut

244 1775 302 1835 sub
316 1794 353 1836 eo
367 1776 459 1837 etiam
472 1793 564 1856 quem
574 1777 729 1840 suffecturi
748 1779 897 1859 suffragiis
908 1779 1014 1841 vestris
1027 1779 1126 1854 aritia,
1141 1776 1247 1839 eadem
1269 1796 1392 1838 suarum
1458 1845 1462 1852 ,

243 1871 367 1932 laudum
379 1880 559 1936 ornamenta
576 1874 772 1955 imposterum
784 1877 912 1939 retineat
920 1901 928 1954 ;
942 1895 1038 1957 neque
1053 1875 1152 1937 minus
1166 1879 1265 1935 vestro
1275 1875 1374 1936 studio
1384 1863 1402 1947 ,’

245 1975 404 2047 vestraque
423 1987 496 2030 cura
510 1988 547 2030 ac
558 1972 717 2051 prudentia
730 1973 795 2034 fore
811 1973 1005 2049 confidimus,
1020 1977 1054 2033 ut
1069 1969 1150 2053 quod
1164 1988 1243 2050 saepe
1262 1975 1349 2030 antea
1363 1970 1391 2029 in

244 2063 386 2125 antistitis
401 2066 548 2129 ,electione
557 2066 686 2145 fecistis,
707 2086 789 2130 nunc
806 2069 915 2134 ,itidem
929 2068 1028 2137 eidem
1041 2065 1180 2134 Ecclesia
1193 2065 1257 2127 sitis
1274 2067 1392 2146 egregie
1474 2141 1475 2145 Ἰ

242 2162 420 2223 consulturi.
435 2165 548 2224 Verum
561 2170 595 2225 ut
614 2183 739 2246 operam
757 2165 850 2228 etium
865 2173 1002 2227 nostram
1016 2156 1105 2244 alque
1122 2161 1332 2224 auctoritatem
1353 2163 1391 2224 ad
1470 2248 1472 2250 Ι

241 2257 307 2333 ejus
333 2277 425 2338 quam
447 2259 690 2324 florentissimam
706 2280 779 2324 esse
802 2261 959 2343 cupimus,
986 2260 1147 2324 commoda
1170 2258 1391 2339 utilitatemque

235 2354 433 2418 conferamus
440 2402 449 2435 ‚
459 2376 496 2419 ea
507 2358 671 2439 prasertim
684 2359 801 2421 ratione
813 2358 996 2436 inducimur,
1011 2357 1092 2438 quod
1105 2357 1195 2419 arctis
1209 2356 1398 2446 quibusdam·

241 2453 380 2514 concludi
394 2453 504 2516 finibus
519 2455 657 2518 videntur
664 2456 779 2535 judicia
790 2463 900 2534 vestra,
916 2456 940 2517 si
954 2474 1060 2517 eorum
1069 2454 1162 2515 etiam
1176 2460 1307 2533 quatuor
1321 2473 1391 2514 vcs-

241 2560 359 2614 trorum
373 2553 403 2614 in
418 2554 597 2617 canonicatu
609 2555 808 2635 collegarum
820 2554 873 2634 qui
886 2553 1022 2632 eiusdem
1035 2551 1272 2632 Metropolitum
1286 2550 1390 2611 suffra·

240 2648 327 2726 ganei
344 2650 477 2732 episcopi
492 2659 564 2714 sunt
584 2653 732 2715 rationem
752 2653 784 2714 in
804 2651 934 2714 comitiis
950 2649 1062 2711 hahere
1077 2667 1138 2711 non
1160 2648 1291 2730 possitis.
1311 2648 1389 2710 Fieri

240 2745 321 2806 enim
340 2746 427 2809 facile
451 2754 566 2829 potest,
590 2756 625 2810 ut
649 2769 718 2827 vos,
737 2750 791 2830 qui
816 2747 941 2830 propius
959 2747 1094 2827 ipsorum
1113 2745 1279 2826 pastorales
1300 2764 1389 2806 ouras

242 2842 403 2923 inspicitis,
420 2848 594 2928 quempiam
615 2866 652 2908 ex
669 2847 723 2924 iis,
739 2867 830 2929 aquo
848 2845 1043 2910 commissam
1057 2851 1147 2908 tanta
1163 2842 1297 2905 dioecesis
1315 2861 1390 2922 par-

241 2946 304 3000 tem
314 2941 427 3021 optime
441 2943 502 3022 regi
516 2942 775 3023 administrarique
789 2942 929 3019 videatis,
942 2939 1131 3021 aptissimum
1144 2939 1223 3015 fore,
1238 2938 1289 3018 qui
1301 2940 1389 2999 Salis-

241 3019 382 3116 burgensi
394 3039 523 3101 ecclesia
536 3040 653 3121 praesit,
669 3059 705 3102 ac
720 3039 834 3101 catoris
844 3036 1061 3119 preferendum
1072 3035 1229 3099 censeatis.
1244 3037 1286 3097 Ne
1299 3036 1387 3116 igitur

239 3233 514 3313 opportunitatem
536 3234 732 3316 suffragancis
752 3253 871 3316 unaque
893 3233 1014 3314 collegis
1032 3232 1138 3294 vestris
1156 3232 1319 3313 capienda,
1337 3235 1352 3296 f
1367 3270 1387 3282 -

239 3329 378 3392 ciendam
388 3331 473 3395 vobis
486 3333 557 3414 ipsis
571 3352 637 3395 esse
651 3352 732 3396 nunc
742 3353 796 3415 per
809 3337 869 3396 Nos
882 3339 1065 3416 potestatem
1082 3331 1209 3412 eligendi
1223 3333 1388 3413 quemlihet

218 3419 220 3423 ’
239 3413 276 3488 cx
287 3429 323 3490 iis
336 3436 467 3510 quatuor
476 3425 641 3513 episcopis,
662 3430 710 3492 oui
725 3430 958 3510 Salisburgensis
979 3431 1107 3493 ecelesia
1120 3430 1338 3508 committatur,
1362 3432 1385 3492 si

207 3524 211 3538 '
239 3523 281 3585 ita
297 3524 328 3584 in
341 3526 469 3589 Domino
483 3526 666 3605 iudicabitis,
685 3525 884 3589 decrevimus.
901 3530 1020 3607 ltaque,
1033 3525 1134 3601 dilecti
1148 3524 1218 3602 filii,
1237 3527 1386 3607 quemad-

239 3619 365 3680 modum
375 3621 507 3700 singulos
519 3629 654 3684 vestrum
671 3623 796 3703 eligendi
809 3623 893 3684 vobis
908 3625 958 3701 jus
969 3629 1030 3700 est,
1043 3622 1084 3684 ita
1098 3641 1152 3702 per
1165 3623 1256 3684 hasce
1267 3630 1386 3685 nostras
1445 3709 1447 3712 Α
1495 3692 1502 3706 .

238 3716 269 3775 in
287 3716 385 3778 forma
403 3717 505 3778 Brevis
523 3717 626 3780 literas
636 3719 810 3782 facultatem
826 3718 912 3780 vohis
929 3720 1007 3780 ultro
1029 3719 1193 3799 apostolica
1207 3720 1385 3782 auctoritate

238 3813 430 3876 concedimus
440 3833 475 3876 ao
494 3814 694 3896 impertimur,
706 3827 739 3880 ut
757 3818 788 3880 in
798 3817 845 3879 his
858 3815 1069 3884 tantummodo
1082 3815 1385 3899 archiepiscopalibus

238 3908 381 3986 comitiis,
405 3927 472 3989 qua
493 3911 630 3991 proxime
653 3914 792 3976 habenda
812 3914 899 3976 isthic
925 3919 1010 3993 sunt,
1041 3932 1264 3995 quemcumque
1288 3933 1325 3974 cx
1348 3913 1385 3975 iis

237 4004 366 4084 quatuor
382 4007 503 4087 collegis
516 4007 638 4086 vestris,
656 4009 707 4090 qui
729 4010 760 4072 in
774 4010 833 4072 ista
850 4010 968 4072 dioecesi
983 4009 1207 4090 suffraganeum
1223 4010 1383 4090 episcopa-

237 4113 302 4164 tum
324 4113 432 4183 gerunt
449 4124 545 4167 unum
565 4106 673 4185 eligere
690 4106 721 4169 in
734 4107 990 4187 Salisburgensem
1001 4105 1279 4190 archiepiscopum,
1299 4105 1324 4168 si
1342 4105 1386 4170 ita

236 4202 384 4264 ridebitur
405 4204 563 4287 expedire,
587 4204 826 4286 quibuscumque
843 4205 875 4265 in
896 4203 1083 4266 contrarium
1100 4201 1385 4285 nonobstantibus„
1436 4212 1447 4233 ·

235 4299 496 4381 valentiamque
510 4302 704 4364 concessione
718 4310 821 4368 nostra
835 4303 877 4363 ita
889 4301 972 4364 vobis
983 4301 1115 4363 maxime
1125 4319 1305 4382 persuasum
1319 4320 1384 4365 esse

234 4399 375 4458 volumus
383 4442 391 4475 ,
406 4397 478 4458 nihil
493 4398 574 4459 aliud
586 4399 775 4480 propositum
787 4399 878 4461 Nobis
890 4398 920 4459 in
937 4398 1038 4460 animo
1052 4398 1158 4475 fuisse,
1171 4396 1227 4459 nisi
1239 4404 1272 4458 ut
1289 4399 1383 4480 aqui«

236 4495 305 4560 tatis
319 4495 464 4559 rationem
479 4494 742 4578 inampliticanda
761 4505 859 4581 vestra
878 4498 1023 4585 facultate
1040 4505 1199 4578 sequentes
1217 4498 1384 4562 faciliorem
