3188 5414
224 501 275 550 ‘202
652 495 855 550 chanlemis
874 495 940 549 xlv

222 601 306 662 robis
331 600 508 660 electionem
530 600 734 677 ediceremus,
759 608 789 662 et
808 619 1031 681 quemcumque
1056 599 1117 660 sive
1132 619 1170 660 ex
1191 599 1227 660 iis
1241 607 1380 680 quatuor

221 697 387 779 episcopis,
402 697 463 757 sive
481 715 517 757 cx
540 697 660 777 reliquis
680 697 832 758 canonicis
852 714 906 777 per
925 695 1067 776 sutfragia
1088 704 1187 757 vestra
1206 697 1378 776 delegeritis

222 815 304 876 mque
315 794 407 856 Nobis
425 800 545 874 gratum
558 801 647 876 atque
668 801 827 875 acceptum
844 795 991 856 futurum.
1011 797 1055 854 Ex
1075 794 1254 870 boeotiam,
1273 794 1377 856 dilecti

221 894 290 971 lilii,
304 910 495 971 summopere
506 890 662 971 cupimus,
683 890 869 970 intelligatis,
890 896 1004 971 quauta
1016 889 1048 951 in
1062 909 1116 950 vos
1133 897 1238 951 nostra
1251 891 1310 952 sint
1321 911 1376 953 ee-

221 989 400 1070 clesiamque
410 993 542 1050 vestram
551 987 661 1064 studia,
673 993 763 1068 atque
772 987 979 1050 ideireotanto
990 985 1140 1067 maiorem
1148 985 1227 1048 detis
1235 1006 1377 1068 operam,

221 1094 256 1147 ut
271 1106 307 1148 ex
322 1107 358 1150 ea
370 1085 563 1168 gravissima,
575 1105 670 1169 quam
683 1086 766 1148 brevi
782 1087 933 1169 peracturi
954 1085 1043 1164 estis,
1056 1085 1174 1149 actione
1188 1094 1289 1148 vestra
1303 1089 1375 1168 plu-

220 1182 298 1243 rima
322 1202 357 1244 ac
376 1187 567 1263 perpetuaret
590 1181 620 1243 in
640 1200 693 1243 vos
708 1164 788 1261 laus,
804 1190 835 1244 et
854 1181 885 1244 in
904 1183 992 1245 istam
1012 1180 1170 1244 eeclesiam
1192 1183 1325 1261 utilitas,
1344 1192 1375 1245 et

207 1276 250 1338 ·in
264 1280 325 1341 Nos
337 1278 417 1359 ipsos
426 1277 600 1355 jucunditas
615 1277 784 1340 redundare
798 1280 917 1358 debeat.
935 1283 1064 1341 lienium
1078 1277 1107 1339 in
1119 1279 1283 1359 Pontificiae
1300 1298 1374 1342 nos-

221 1383 273 1436 tra
292 1375 425 1438 caritatis
440 1376 548 1457 pignus
572 1375 770 1455 apostolicam
788 1375 1028 1438 benedictionem
1050 1375 1153 1452 vobis,
1174 1375 1276 1437 dilecti
1305 1377 1372 1450 tltit,

220 1480 413 1551 peramanter
428 1472 627 1553 impertimur.
649 1475 763 1534 Datum
777 1475 888 1544 Rome,
909 1479 978 1545 ete„
994 1475 1045 1535 die
1066 1484 1101 1534 15
1110 1475 1255 1551 Janucrii
1278 1482 1373 1549 tna,

219 1573 414 1651 pontificatue
433 1575 527 1631 nostri
540 1588 621 1631 enno
639 1575 737 1631 tertio.
927 1554 933 1567 ’

718 1693 868 1707 Ἣ

687 1803 887 1895 ctxxnn

446 1959 670 2004 niuacllssmm
693 1964 726 2004 ΙΝ
748 1964 882 2007 cunlsro
904 1964 997 2006 FlLlAE
1020 1964 1146 2007 NOSTBAE
1239 1974 1244 1983 ·

375 2069 512 2129 MARIAE
539 2069 671 2140 ANNAE,
700 2069 992 2131 AROEIDUCISSAE
1018 2069 1216 2138 AUSTRIAE,

616 2193 793 2243 nnanrrssa
808 2195 973 2254 amoenas,

528 2299 764 2381 CLEMENS
791 2302 928 2380 ΡΑΡΑΙ
946 2299 1055 2379 XIV.

963 2453 1059 2508 Rome,
1071 2456 1100 2499 aa
1114 2449 1219 2511 uanam
1241 2452 1311 2499 tm.

263 2560 475 2628 Dilectissimo,
496 2564 553 2618 etc.
576 2555 831 2637 Pmpensissimc,
849 2558 998 2637 planeque
1022 2563 1148 2637 paterno
1167 2554 1270 2617 animo
1284 2574 1368 2617 exea

219 2653 318 2733 pimus
341 2653 527 2734 postulatum
550 2651 643 2714 Nobis
663 2661 718 2713 tue
740 2652 861 2714 nomine
891 2651 1006 2713 metum
1025 2671 1081 2732 per
1103 2650 1248 2715 dilectum
1276 2650 1370 2714 tilium

219 2749 395 2829 magistmm
417 2748 612 2812 Franciseum
630 2749 745 2810 Herzen
770 2748 961 2828 capellanum
976 2754 1131 2818 nostmm,
1152 2753 1189 2807 et
1206 2765 1370 2809 oausamm

217 2845 319 2927 palatii
339 2844 495 2925 apostolici
506 2843 685 2921 auditorem,
696 2861 757 2924 qno
765 2843 917 2924 postulato
931 2843 1037 2904 datum
1050 2861 1116 2905 esse
1127 2842 1222 2904 Nobis
1234 2842 1372 2906 videmus

218 2946 319 3005 locum
338 2942 529 3024 inspirituali
545 2942 600 3003 tibi
617 2958 676 3023 ope
693 2940 880 3022 prestanda,
896 2940 1066 3002 declarandi
1078 2940 1201 3017 itidem,
1221 2959 1283 3033 ipra
1296 2941 1329 3002 in
1341 2947 1373 3002 te

217 3060 321 3103 sumus
338 3040 517 3119 singularem
529 3044 619 3117 atque
632 3035 782 3117 egregiam
791 3035 958 3097 caritatem.
967 3037 1076 3097 Praeter
1089 3035 1170 3096 euim
1184 3054 1277 3114 quam
1288 3036 1372 3116 quod

187 3170 190 3175 ·
216 3139 247 3201 in
260 3143 420 3217 augustam
442 3137 568 3197 domum
582 3142 666 3196 tuam
680 3134 806 3196 summis
814 3180 825 3212 ,
837 3142 927 3214 atque
939 3133 1092 3196 immensis
1102 3133 1258 3212 dignitatis
1271 3132 1372 3195 virtu-

218 3243 299 3306 tum,
312 3250 348 3292 ac
368 3232 545 3294 meritorum
559 3230 698 3291 laudibus
707 3231 771 3307 jam
789 3231 827 3291 ab
840 3230 947 3292 ultima
961 3229 1137 3310 antiquitate
1148 3230 1321 3292 lloreuoem.
1336 3241 1368 3295 et

217 3346 298 3389 rrunc
307 3327 454 3407 praecipue
466 3323 629 3389 immortali
640 3325 861 3406 omnisgeneris
869 3327 1371 3408 amplitudinecumulatamomniu

217 3424 312 3486 nostri
333 3422 455 3500 amoris,
474 3441 510 3484 ae
531 3419 757 3483 existimationis
774 3423 874 3486 estleia
896 3425 1106 3502 conferamus,
1125 3425 1264 3506 proprias
1281 3425 1313 3486 in
1338 3408 1372 3487 te

217 3525 283 3604 ipsa
300 3521 484 3601 eximiasque
501 3518 622 3600 pietatis
632 3565 642 3595 ,
657 3538 692 3579 ae
704 3520 853 3600 religionis
872 3521 975 3583 landes
989 3522 1200 3600 agnoscimus,
1217 3520 1328 3601 quibus
1340 3523 1372 3583 in

106 3672 114 3688 .
217 3627 302 3682 tanta
314 3628 436 3680 tuorum
451 3619 518 3679 luce
536 3615 726 3696 potissimum
736 3615 886 3678 enitescis.
898 3619 940 3676 Te
950 3616 1051 3696 itaque
1067 3619 1128 3677 lieo
1139 3616 1372 3694 inservientem,

217 3717 382 3796 divinisque
402 3714 494 3777 rebus
512 3721 576 3775 tam
598 3713 739 3792 preclare
762 3713 915 3791 deditam,
928 3732 989 3774 non
1011 3715 1110 3775 solum
1134 3732 1256 3775 summa
1277 3715 1372 3776 animi

216 3812 499 3889 commendatione,
519 3831 553 3874 ac
568 3811 676 3872 studio
688 3810 911 3893 prosequimur,
926 3811 980 3872 sed
992 3810 1181 3891 paratissima
1194 3810 1249 3871 tibi
1265 3812 1370 3874 ornnia

216 3913 426 3975 essevolumus
436 3906 776 3987 nostra,etllp0stolicae
788 3905 873 3967 Sedis
882 3906 1042 3983 beneficia3
1054 3924 1125 3968 enm
1133 3905 1243 3967 eadem
1253 3906 1370 3986 optime

217 4011 399 4072 collocatum
411 4004 447 4066 iri
457 4004 575 4066 aNobis
588 4002 781 4065 arbitremur.
794 4002 873 4064 Nihil
884 4003 964 4075 anun
975 4003 1070 4084 petis,
1085 4001 1144 4064 nisi
1152 4002 1237 4082 quod
1246 4003 1371 4066 s'umma

216 4109 332 4172 ratione
343 4105 459 4180 nititur,
471 4102 612 4184 quodque
623 4120 694 4162 cum
708 4101 819 4182 pietate
833 4102 898 4182 ipsa
908 4146 919 4180 ,
931 4102 981 4163 eui
989 4101 1138 4182 precipue
1148 4099 1269 4177 studes,
1280 4101 1368 4179 ejus-

161 4198 169 4212 ’
217 4225 275 4285 qne
287 4200 459 4266 exercenda
472 4198 606 4261 facultati
620 4198 778 4260 consentit.
791 4199 823 4260 si
843 4199 966 4279 quidem
982 4218 1054 4260 cum
1070 4196 1248 4261 imbecillior
1264 4203 1367 4262 sitra-

217 4303 317 4365 letndo
332 4311 400 4380 tua,
413 4318 506 4381 quam
518 4304 553 4360 ut
570 4298 719 4359 abstinere
732 4298 771 4358 ab
791 4316 844 4359 esu
858 4296 995 4359 carnium
1015 4296 1120 4358 diebus
1136 4293 1235 4356 velitis
1252 4294 1361 4376 possis,

217 4402 383 4483 postulasa
402 4399 512 4476 Nobis,
534 4403 568 4458 ut
581 4398 756 4459 earumdem
776 4414 866 4458 usum
886 4395 939 4455 tibi
961 4394 1189 4476 permittamus,
1214 4399 1308 4472 atque
1323 4395 1371 4453 ila¹

216 4497 352 4584 postulas
360 4541 368 4575 ,
382 4504 415 4558 ut
430 4495 519 4559 aliam
534 4494 586 4556 tibi
602 4493 806 4576 paenitentiam
818 4492 960 4575 perscribi
982 4491 1104 4554 aNobis
1116 4489 1205 4553 ralis.
1225 4509 1286 4569 qrra
1301 4489 1371 4567 epm
