3188 5414
481 479 723 559 russonum
742 504 874 557 annun
893 503 1123 558 sunacnonr.
1170 547 1172 551 .
1323 507 1370 556 an

227 609 342 669 tionem
354 607 501 686 Maiestati
514 611 588 670 Tuae
597 653 609 684 ,
619 627 656 670 ac
673 597 814 671 universa
831 588 927 688 llegira
941 608 1048 692 Domui
1071 615 1127 669 tue
1141 608 1248 668 intimo
1257 611 1374 688 paterni

172 713 176 721 “
225 703 325 775 cordis
337 720 428 785 seusu
441 703 649 766 amantissime
659 703 858 784 impertimur.
885 706 994 766 Datum
1009 705 1121 773 Romu,
1136 703 1217 782 upatd
1231 704 1375 764 &actum

226 805 357 862 Mariam
373 803 530 878 Maiorem,
544 803 597 863 sab
609 804 728 863 iurato
741 804 915 872 Piscatoris,
927 803 976 864 dte
993 814 1003 862 l
1011 804 1097 879 Jaait
1112 812 1199 879 itit,
1207 802 1375 881 pontifico-

224 908 273 959 tus
284 902 379 960 nostri
390 917 470 958 annu
483 907 578 962 sexto.

704 1018 882 1035 -n—-u—-q

703 1131 885 1208 CCLXXII,

477 1292 652 1337 crnrssnrru
675 1293 708 1334 in
731 1291 863 1334 cnarsro
885 1291 973 1333 rinna
996 1233 1122 1337 nosram

222 1402 360 1466 MARIAE
380 1401 566 1461 ANTONIAE
584 1399 822 1460 FRANCORUM
841 1398 1003 1460 REGINAE
1023 1381 1380 1458 cuulsulaulsslnlns‘

530 1522 764 1602 CLEMENS
791 1523 919 1599 PAPA
948 1521 1054 1600 XIV.

1011 1675 1104 1730 Remea,
1120 1677 1128 1720 l
1144 1672 1205 1733 junii
1225 1675 1302 1724 tili·

264 1778 443 1848 Carissimo,
459 1783 514 1837 etc.
529 1779 625 1850 Quam
636 1779 729 1840 Nobis
738 1781 867 1854 ⁴rruucias
880 1779 991 1840 doloris
1003 1779 1046 1840 tui
1060 1797 1199 1853 causam,
1218 1778 1372 1840 carissima

150 1876 152 1887 ⁴
222 1875 251 1934 in
271 1874 388 1936 Christo
402 1873 464 1935 filia
483 1881 600 1951 nostra,
616 1874 743 1936 eandem
767 1875 809 1935 ita
821 1875 970 1955 partimur
988 1881 1105 1949 tecum,
1121 1880 1154 1935 ut
1172 1894 1208 1934 ex
1224 1874 1371 1938 immensa

222 1978 323 2033 nostra
337 1969 526 2049 egritudine,
539 1971 602 2051 qui,
615 1978 805 2051 quantusque
818 1990 929 2034 moeror
941 1971 979 2032 sit
988 1958 1068 2046 tuus,
1081 1970 1212 2035 maxime
1220 1970 1371 2050 percipia-

222 2085 300 2129 mus.
314 2069 440 2129 Summa
450 2066 543 2128 Nobis
554 2086 625 2129 cum
639 2067 892 2130 Christianissimo
902 2086 972 2148 rege
982 2068 1247 2149 Ludovico,·quem
1258 2067 1371 2129 extinc-

221 2172 286 2224 tum
303 2165 452 2246 lugemus,
470 2163 587 2226 eximiae
604 2163 752 2242 caritatis,
773 2163 879 2244 studii,
896 2167 1025 2243 amoris,
1039 2166 1235 2245 omniumque
1252 2163 1372 2227 olilcio-

220 2282 288 2324 rum
298 2261 485 2324 consuetudo
499 2280 617 2343 semper
635 2261 863 2339 intercesserat,
878 2263 937 2324 lroo
957 2263 1022 2344 ipso
1033 2280 1104 2324 vero
1123 2267 1277 2343 postremo
1289 2267 1372 2322 tern-

219 2379 292 2440 pore
305 2366 390 2421 tanta
403 2358 539 2439 ejusdem
558 2359 722 2421 Nobiscum
738 2360 958 2439 conjunctionis
973 2381 1008 2422 ae
1023 2359 1250 2427 neoessitudinis
1260 2359 1371 2421 indicia

217 2457 399 2534 extiterant,
415 2463 448 2518 ut
465 2455 670 2521 incredibilem
683 2455 713 2517 in
729 2458 855 2521 modum
872 2459 937 2537 eJus
951 2458 1081 2540 pietate,
1099 2456 1258 2538 religione,
1277 2456 1369 2518 animi

218 2554 356 2634 equitate
375 2573 410 2615 ac
428 2552 633 2634 magnitudine
650 2553 848 2638 afficeremur,
866 2555 924 2617 Sed
941 2574 1002 2636 quo
1024 2555 1122 2634 major
1138 2561 1184 2616 est
1204 2554 1298 2617 Nobis
1310 2553 1371 2614 do-

219 2650 296 2715 lendi
316 2651 412 2728 ratio,
438 2670 475 2712 eo
499 2651 617 2713 incitari
629 2649 726 2731 magis
744 2652 909 2730 debemus,
931 2659 965 2714 ut
980 2651 1116 2715 assiduas
1129 2651 1291 2716 tundamus
1313 2667 1370 2730 pro

218 2749 283 2825 ejus
302 2748 409 2808 animae
421 2748 626 2808 incolumitate
644 2750 760 2827 preces,
778 2755 988 2827 aeternumque
995 2763 1154 2809 exoremus
1162 2748 1320 2823 iudicem,
1335 2753 1370 2806 ut

218 2842 372 2923 placabilis
387 2843 444 2924 ipsi
456 2860 574 2922 suaeque
596 2843 625 2903 in
643 2860 714 2903 eum
731 2843 898 2906 clementiae
913 2861 948 2904 ac
963 2843 1173 2904 misericordie
1184 2845 1223 2904 sit
1238 2861 1367 2904 memor.

219 2938 252 3003 ld
268 2941 328 3000 Nos
339 2985 346 3015 ,
359 2948 472 3020 quauta
488 2937 620 3022 maxima
634 2937 724 2999 animi
743 2939 1129 3021 sollicitudinepossumus‚
1145 2938 1290 3001 assiduea
1305 2941 1368 3001 Deo

218 3037 441 3114 contendimus,
458 3042 492 3097 ul
513 3053 762 3117 nunquamque
784 3037 826 3099 illi
838 3037 983 3100 debemus
993 3084 1001 3116 ,
1012 3055 1137 3118 queque
1147 3038 1239 3099 Nobis
1253 3037 1369 3117 reliqua

217 3153 298 3197 nunc
306 3136 371 3214 jam
383 3140 452 3195 suut
464 3133 633 3214 persolvere
643 3133 817 3212 huiusmodi
831 3153 959 3197 munera
979 3134 1222 3199 intermittamus.
1245 3136 1323 3196 Dum
1337 3133 1367 3195 id

174 3289 177 3292 ,
217 3234 315 3314 ipsum
339 3231 479 3311 Maiestas
493 3233 558 3292 Tua
576 3231 700 3312 paribus
719 3239 858 3312 permota
876 3232 995 3313 pietatis
1017 3233 1116 3294 crusis
1133 3231 1266 3314 peragit,
1282 3232 1367 3293 ualde

218 3331 356 3411 cupimus
370 3336 459 3410 atque
474 3329 643 3405 hortamur,
661 3327 841 3392 utdolorem
852 3331 1027 3411 luctumque
1039 3348 1127 3392 suum
1142 3330 1242 3396 divina
1256 3331 1367 3392 voluu-

218 3433 280 3486 tate
303 3427 426 3504 soletur,
437 3428 562 3507 ejusque
575 3426 766 3508 optima'esse
783 3429 907 3491 masilia
924 3415 1223 3509 omniaaNobisque
1237 3429 1367 3490 verenda
1474 3481 1477 3486 ,

219 3532 307 3604 atque
321 3523 473 3584 adoranda
492 3524 594 3586 ducat.
610 3526 672 3585 Nos
684 3542 755 3586 vero
772 3526 927 3606 propriam
940 3527 1144 3606 egritudinem
1161 3532 1295 3588 nostram
1316 3525 1367 3586 illa

217 3621 309 3682 ctiam
320 3620 500 3700 cogitatione
508 3622 644 3684 levamus
651 3667 660 3700 ,
672 3621 755 3703 quod
763 3627 797 3683 ut
810 3622 1010 3686 florentissimi
1023 3624 1116 3704 Regni
1129 3623 1362 3696 successionem,
1376 3666 1378 3670 ι

217 3715 493 3797 itaquodemmodo
506 3723 616 3778 nostra
632 3719 724 3780 etiarn
743 3724 875 3799 patema
886 3717 1365 3800 caritatis-summaqueconjunc-

216 3812 961 3878 tionislraereditatemtransmissamessevideamus
972 3814 1002 3875 in
1012 3814 1201 3879 amissimum
1211 3811 1365 3876 inGtrristo

217 3910 311 3976 filium
325 3916 464 3972 nostrum
482 3909 669 3974 Ludoricum
683 3914 851 3993 Augustum
866 3912 1025 3992 conjugem
1038 3920 1143 3990 tuum,
1159 3914 1190 3974 in
1203 3929 1295 3994 quern
1316 3916 1365 3971 ωε

217 4027 275 4087 que
297 4027 358 4074 una
377 4007 572 4070 libentissime
588 4009 691 4071 omnia
708 4018 839 4092 peteme
849 4009 1013 4072 voluntatis
1025 4009 1126 4072 oiilcia
1139 4007 1363 4083 transierimus,

216 4107 337 4166 omne'm
351 4105 535 4173 collocamus
548 4103 587 4166 de
599 4113 758 4187 perspecta
768 4107 911 4188 religione
926 4113 1016 4188 utque
1035 4109 1065 4169 in
1089 4109 1167 4183 Nos,
1185 4125 1220 4168 ac
1235 4108 1266 4167 S.
1286 4105 1365 4167 hane

217 4199 324 4261 Sedem
338 4200 437 4268 studio
449 4221 485 4263 ac
498 4201 610 4283 pietate
622 4202 780 4281 fiduciam,
796 4208 950 4285 Deumque
965 4204 1051 4271 enixe
1061 4222 1234 4287 precamur,
1249 4208 1283 4264 ut
1303 4203 1364 4265 suis

216 4314 286 4362 eum
297 4316 358 4359 una
371 4305 472 4363 tecum
490 4299 593 4378 graue
612 4318 648 4362 eu
662 4301 854 4383 benignitatis
870 4303 1003 4367 cumulet
1023 4304 1129 4380 donis,
1144 4322 1209 4387 quae
1228 4303 1261 4367 iu
1279 4303 1376 4366 istius¹

216 4395 308 4474 Regni
331 4395 523 4475 felicitatem,
547 4398 578 4458 in
592 4398 846 4462 Christianissimae
870 4403 982 4461 llomus
1004 4401 1201 4480 gloriarn,·in
1225 4401 1364 4462 Ecclesiae

217 4493 397 4572 praesidium,
410 4493 439 4555 in
460 4501 595 4559 nostram
610 4503 640 4559 et
652 4497 829 4579 Apostolicae
844 4498 928 4561 Sedis
944 4499 1165 4577 jucunditatem
1184 4498 1361 4562 redundent.
