3188 5414
617 531 622 539 ·
653 488 854 575 cucusum
872 521 938 574 xiv

710 702 871 774 ccxcvi.

310 848 493 909 briscono
514 845 672 910 vlcanlo
694 851 927 910 APOSTOLICO
949 851 1285 911 vnnrlsbavmnsr.

965 1009 1063 1068 Romae,
1079 1015 1108 1058 ¹5
1119 1008 1225 1070 januarii
1243 1012 1310 1060 1774.
1393 1065 1395 1069 ,

261 1114 467 1174 illustrissime
480 1118 509 1174 et
525 1112 778 1176 Reverendissime
793 1117 930 1176 Dominae.
946 1116 1016 1189 Que
1032 1113 1148 1176 dudum
1162 1104 1280 1176 Summi
1296 1115 1373 1177 Pon-

221 1209 308 1270 tifieis
322 1209 423 1270 animo
441 1209 543 1290 opinio
562 1209 712 1272 insederat
731 1210 769 1272 de
786 1210 895 1273 virtute
907 1215 977 1289 tria,
992 1211 1137 1291 pastorali
1156 1198 1369 1290 sollicitudine,

220 1308 388 1389 eximioque
400 1309 430 1371 in
450 1309 623 1390 Apostolica
634 1309 708 1370 Sede
720 1309 881 1389 obsequio,
897 1327 933 1370 ex
949 1307 1174 1370 humanissimis
1195 1305 1234 1368 ad
1248 1326 1297 1369 me
1312 1326 1370 1370 nu-

219 1410 349 1489 perrime
366 1408 444 1470 datis
462 1409 568 1471 litteris
590 1407 715 1469 mirifice
738 1406 818 1488 apud
834 1426 904 1468 eum
921 1406 1045 1486 contigit
1065 1405 1271 1486 comprobari.
1294 1407 1368 1468 Dum

220 1506 329 1567 etenim
351 1505 432 1586 gravi
457 1505 554 1567 cordis
575 1523 699 1567 moerere
719 1505 782 1585 ipse
808 1504 953 1566 intellexit
976 1503 1147 1581 molestias,
1173 1497 1312 1580 irarrdes,
1333 1521 1366 1565 ac

219 1608 325 1682 parata
346 1602 434 1664 isthic
453 1602 566 1663 nelaria
579 1601 735 1664 molimina
755 1620 772 1663 a
792 1601 971 1681 diffidentiae
983 1604 1081 1680 filiis,
1106 1612 1145 1662 ne
1161 1590 1363 1687 Apostolieum

219 1704 312 1762 Breve
332 1701 370 1764 de
389 1702 572 1764 Jesuitarum
592 1699 734 1762 societate
752 1699 895 1776 delenda,
917 1717 1045 1779 quaeque
1063 1690 1298 1760 ad‘servandam
1315 1699 1365 1759 Ec-

123 1868 129 1881 ,
219 1797 314 1859 clesiae
336 1815 442 1879 pacem
465 1794 657 1858 saluberrime
679 1793 841 1857 constituta
857 1802 942 1872 sunt,
963 1795 1113 1856 ullatenus
1133 1803 1365 1876 exequerentur,

219 1913 281 1957 non
294 1896 359 1957 leve
378 1893 476 1956 dolori
497 1912 552 1956 suo
573 1893 713 1955 solatium
734 1899 944 1974 comparatum
964 1899 1024 1970 est,
1040 1911 1076 1954 ex
1096 1911 1157 1973 quo
1170 1890 1208 1954 Ι).
1229 1876 1269 1954 T,
1285 1888 1367 1955 llius-

220 1993 297 2055 triss.
320 1993 411 2056 veluti
434 1990 569 2073 gaudens
591 2010 609 2053 a
629 1999 791 2073 conspectu
811 1991 945 2069 concilii,
969 1991 1174 2053 calamitatem
1197 1989 1366 2072 hujusmodi

219 2089 376 2171 impavido
392 2085 522 2171 fortique
536 2089 638 2151 animo
652 2089 817 2170 exceperit,
837 2108 872 2151 ac
891 2108 1013 2150 murum
1031 2107 1187 2170 opponens
1201 2108 1259 2170 pro
1280 2088 1366 2152 domo

219 2186 308 2247 lsrael
331 2186 469 2248 universa
486 2183 645 2267 pastoralis
666 2184 820 2247 charitatis
842 2176 942 2246 cilicia
962 2203 1024 2246 non
1041 2184 1268 2266 praetermiserit
1286 2185 1367 2248 exbi-

219 2272 300 2342 bere.
313 2282 390 2343 Hinc
402 2281 550 2343 Sanctitas
562 2282 622 2343 Sua
634 2278 741 2342 uberes
753 2281 1027 2343 misericordiarum
1040 2280 1121 2342 Patri
1134 2281 1248 2361 gratias
1263 2300 1364 2362 agens,
1401 2272 1405 2281 ’

218 2378 300 2458 quod
313 2379 457 2440 suscitare
475 2378 542 2440 istic
555 2378 693 2458 dignatus
716 2378 756 2440 sit
774 2379 962 2441 sacerdotem
980 2377 1114 2456 iidelem,
1136 2379 1188 2458 qui
1212 2398 1274 2441 non
1291 2381 1361 2444 esti-

219 2479 281 2535 met
303 2474 435 2535 animam
456 2491 543 2535 suam
558 2472 767 2558 pretiosiorem
792 2493 884 2554 quam
904 2493 954 2552 se,
973 2473 1085 2555 quique
1103 2479 1189 2536 tanta
1209 2493 1268 2556 cor,
1285 2492 1365 2537 suum

218 2568 386 2631 constantia
399 2568 601 2643 roboraverit,
614 2575 648 2630 ut
659 2569 750 2631 letari
763 2568 989 2650 quodammodo
1007 2570 1156 2649 videatur,
1170 2568 1259 2652 quod
1271 2572 1366 2634 oblata

218 2667 245 2728 ei
263 2668 386 2730 tandem
404 2665 504 2730 lluerit
517 2667 640 2737 ‚occasio
658 2667 830 2730 exercenda
843 2668 962 2731 virtutis
980 2689 1056 2748 suae,
1080 2670 1112 2732 in
1132 2670 1287 2733 mandatis
1300 2671 1366 2734 nubi

218 2765 317 2844 dedit,
334 2771 367 2826 ut
388 2765 452 2844 ejus
475 2763 597 2853 nomine
619 2783 684 2846 quae
703 2765 752 2846 pie
775 2764 921 2828 hactenus
939 2764 1115 2848 fortiterque
1132 2766 1275 2848 gessisti,
1289 2761 1366 2831 uberi

218 2866 290 2926 item
304 2865 470 2946 meritaque
482 2864 571 2926 laude
585 2872 793 2945 prosequerer.
805 2857 843 2924 Et
855 2863 993 2944 quamvis
1008 2863 1157 2926 Sanctitas
1170 2862 1232 2927 Sua
1246 2859 1367 2927 tirmiter

217 2970 313 3043 putet,
326 2970 356 3025 te
373 2982 435 3026 non
449 2948 539 3025 aliam
551 2961 724 3043 tibimetipsi
734 2961 925 3042 proposuisse
939 2959 1130 3039 mercedem,
1145 2961 1203 3023 nisi
1222 2979 1293 3024 eam
1304 2980 1367 3024 ma-

217 3078 308 3139 gnam
322 3060 426 3138 nimis,
439 3079 531 3141 quam
544 3057 715 3140 repromisit
724 3059 802 3119 Deus
815 3054 1007 3137 diligentibus
1021 3075 1116 3135 se,ac
1130 3052 1368 3139 persecutionem

218 3159 399 3238 patientibus
423 3164 545 3239 propter
568 3151 733 3235 justitiam,
761 3172 940 3235 persuasum
954 3161 1058 3217 tamen
1078 3154 1192 3217 babere
1213 3162 1244 3217 te
1266 3146 1366 3231 velim,

218 3253 394 3316 Pontificem
405 3253 505 3334 ipsum
515 3250 604 3315 nullis
618 3268 752 3334 unquam
766 3250 1042 3333 opportunitatibus
1053 3250 1247 3327 defuturum,
1263 3258 1298 3314 ut
1307 3256 1366 3313 tes-

218 3360 313 3415 tatam
328 3353 563 3416 luculentissime
579 3352 669 3414 faciat
692 3351 892 3430 singularem,
907 3369 943 3413 ac
960 3368 1028 3412 vere
1043 3357 1224 3433 paternam,
1245 3369 1307 3432 qua
1323 3357 1366 3427 te,

220 3449 476 3532 commissumque
489 3450 544 3512 tibi
557 3468 678 3531 gregem
692 3449 722 3511 iu
738 3450 866 3513 Domino
878 3437 1100 3532 complectitur,
1116 3449 1288 3512 caritatem.

258 3548 344 3624 Quod
358 3549 383 3611 si
397 3567 511 3631 magne
532 3548 696 3611 admodum
716 3538 925 3628 difficultates,
945 3547 1092 3631 multique
1110 3554 1140 3610 te
1154 3546 1289 3628 undique
1309 3545 1368 3608 cir-

219 3653 371 3710 cumstant
383 3648 519 3727 labores,
538 3654 573 3709 ut
594 3654 774 3728 prepostera
791 3647 950 3720 hominum
967 3646 1070 3709 deletae
1083 3644 1234 3709 societatis
1249 3636 1368 3707 deside-

218 3746 264 3807 ria
277 3763 428 3824 coerceas,
439 3753 469 3808 et
482 3746 609 3808 reducas
622 3764 730 3826 aspera
741 3745 771 3807 in
784 3745 865 3808 viam
876 3745 1015 3826 planam,
1031 3744 1118 3807 decet
1134 3742 1233 3806 adbuc
1248 3740 1369 3823 sapien-

219 3843 311 3922 tiam,
326 3842 412 3905 decet
425 3844 572 3907 honorem
587 3863 676 3907 suum
685 3889 694 3923 ,
715 3850 748 3905 ut
765 3861 827 3906 non
838 3844 1021 3906 convertaris
1040 3843 1069 3904 in
1087 3840 1136 3904 die
1152 3832 1240 3919 belli,
1256 3841 1308 3904 sed
1327 3841 1368 3903 in·

219 3942 320 4005 duaris
332 3940 505 4005 tortitudine
516 3948 583 4019 tua,
598 3960 633 4004 ae
648 3942 679 4003 in
697 3941 747 4002 illa
767 3941 893 4002 statione
906 3947 1079 4004 constanter
1094 3958 1236 4018 maneas,
1256 3940 1288 4001 in
1308 3947 1368 4020 qua'

219 4037 339 4100 collavit
352 4044 382 4099 te
396 4037 552 4099 Dominus.
567 4040 584 4099 J
587 4043 654 4099 acta
664 4054 769 4098 curam
783 4042 868 4098 tuam
879 4037 910 4098 in
926 4056 981 4115 eo,
1002 4037 1053 4117 qui
1068 4054 1129 4097 non
1141 4036 1225 4098 dabit
1236 4035 1368 4098 iluctua-

219 4135 333 4196 tionem
337 4135 430 4214 justo,
441 4134 554 4216 quique
565 4134 684 4196 mittere
696 4133 750 4195 tibi
760 4134 839 4195 valet
851 4134 996 4195 auxilium
1004 4133 1042 4194 de
1052 4139 1168 4211 sancto,
1178 4151 1240 4214 quo
1249 4133 1368 4194 labores

220 4231 381 4309 sustineas,
399 4231 589 4293 difficultates
613 4231 732 4309 vincas,
761 4239 906 4312 tuumque
929 4231 1052 4313 demum
1080 4230 1208 4311 impleas
1227 4229 1368 4292 ministe-

220 4328 317 4402 rium,
338 4335 372 4391 ut
386 4330 533 4410 ampliora
549 4327 657 4390 indies
674 4329 780 4390 merita
802 4329 902 4401 valeas
918 4345 1105 4410 comparare.

260 4425 337 4486 Hinc
356 4426 445 4505 igitur
460 4425 612 4488 Pontiiicis
625 4425 747 4486 nomine
761 4432 790 4486 te
804 4425 889 4486 enixe
907 4425 1012 4488 hortor
1025 4426 1233 4504 obtestorque,
1251 4432 1287 4487 ut
1302 4443 1367 4487 sau·

220 4528 303 4583 ctum
319 4527 429 4601 tuoque
448 4525 510 4586 zelo
529 4541 598 4585 vere
619 4523 744 4602 dignum
762 4522 920 4586 consilium
933 4530 1051 4600 teneas,
1065 4529 1095 4584 et
1110 4525 1281 4585 cunctando
1292 4522 1366 4585 tueri
1444 4548 1447 4554 ·
