3188 5414
296 509 346 558 rrt
727 499 927 554 culinttlu't‘ts
946 499 1011 552 xlv

295 614 330 668 nt
343 605 440 682 scitis,
457 602 632 664 satisfecisse
641 648 649 679 ,
665 603 752 683 eique
766 578 846 664 nunc
860 603 1009 664 maximas
1025 608 1115 681 atque
1130 595 1316 661 immortales
1334 599 1451 663 idcirco
1553 616 1556 621 ‘

294 701 411 782 ιιιςὶιιιιιι
423 706 514 780 atquc
527 699 673 762 habemus
692 700 818 780 gratias,
838 700 921 782 quod
943 705 1028 760 tanto
1045 696 1146 759 studio
1163 696 1277 759 tuenda
1293 697 1452 779 religionis

293 812 414 877 unaque
425 795 513 876 regia
524 795 681 876 potestatis
692 796 762 874 jura
773 795 946 877 susceperit.
959 798 1160 875 Quapropter,
1169 790 1358 857 Venerabilis
1370 795 1450 856 Fra-

292 899 350 970 ter,
364 911 437 955 cum
451 891 490 954 ad
503 892 566 954 bac
583 898 668 954 tanta
680 892 767 954 vobis
785 878 923 973 presidia
940 898 1133 972 comparata,
1147 895 1247 952 vestra
1264 888 1361 952 etiam
1381 894 1448 969 um

291 992 471 1073 praeclaram
481 991 686 1072 importunam
695 989 934 1053 rllamscrrbcndr
943 986 1148 1069 opinandique
1157 984 1448 1051 troentnmdscaata

292 1090 485 1167 aooesoerint,
497 1088 635 1150 delectati
646 1088 777 1150 maxime
791 1104 912 1160 sumus,
926 1105 979 1151 eas
992 1105 1074 1149 nunc
1087 1091 1203 1147 vestras
1217 1083 1351 1147 extitisse
1361 1083 1448 1167 epis-

289 1185 406 1267 copalis
417 1204 534 1267 opera,
552 1192 642 1265 atque
659 1186 846 1249 auctoritatis
858 1195 979 1267 partes,
993 1184 1123 1266 quibus,
1142 1189 1291 1263 quautam
1304 1180 1337 1245 in
1356 1182 1447 1263 robis

288 1288 354 1361 est,
368 1282 419 1344 illa
430 1282 522 1363 possit
539 1281 669 1345 coerceri
677 1292 788 1364 ,atque
801 1284 932 1365 opprima
923 1282 1069 1345 tandem
1082 1280 1245 1391 impietatis
1255 1280 1397 1345 audam
1409 1281 1445 1367 ltl

289 1378 381 1442 Nobis
391 1380 539 1458 majorem
550 1378 580 1439 in
598 1378 724 1440 modum
744 1381 905 1461 persuadet
922 1388 1020 1442 vestra
1040 1379 1179 1442 omnium
1193 1377 1223 1439 in
1233 1384 1298 1440 tam
1310 1360 1445 1441 annuae

288 1480 448 1543 consilium
461 1479 636 1555 consensio,
648 1478 730 1558 quod
742 1478 824 1539 enim
835 1477 1021 1556 coniunctim
1034 1484 1121 1538 tanto
1133 1475 1306 1543 animorum
1319 1472 1443 1552 ardore,

288 1584 433 1658 tantaque
445 1575 594 1659 sapientia
607 1560 766 1653 statuistis,
776 1574 900 1637 minime
917 1574 1108 1652 dubitamus,
1119 1573 1192 1655 quin
1207 1572 1337 1654 quisque
1348 1592 1444 1655 porro

288 1676 326 1737 sit
338 1693 395 1757 pro
408 1692 464 1735 sua
475 1672 549 1734 virili
560 1679 646 1754 parte
665 1691 785 1734 summa
798 1691 908 1754 opera,
924 1672 1106 1749 sedulitate,
1121 1669 1329 1751 industriaque
1349 1690 1444 1734 cura-

287 1779 385 1833 turus.
409 1769 533 1831 Mirifice
549 1769 650 1850 itaque
669 1769 850 1851 probamus,
866 1788 902 1831 ac
921 1767 1171 1831 commendamus
1192 1767 1248 1830 has
1270 1773 1443 1831 vestrorum

287 1867 479 1932 comitiorum
489 1868 638 1946 actiones,
650 1876 716 1948 qaia
726 1867 764 1931 de
776 1885 896 1932 summa
906 1867 978 1933 fidei
990 1886 1026 1935 ac
1038 1866 1189 1948 religionis
1196 1872 1308 1931 norun
1317 1875 1444 1931 aversata

287 1971 376 2043 sunt,
393 1965 423 2026 in
437 1964 532 2045 iisque
548 1964 718 2047 Episcopali
733 1972 832 2027 vestro
849 1965 966 2028 muneri
981 1965 1071 2046 plane
1085 1970 1320 2029 consentaneam
1333 1963 1444 2027 sollici-
1530 2024 1535 2037 ,

288 2061 444 2138 tudinem,
457 2061 570 2139 zelum,
582 2080 618 2123 ac
632 2060 815 2141 vigilantiam
828 2061 1029 2142 agnoscimus.
1042 2063 1177 2141 Quarum
1187 2059 1313 2123 laudum
1321 2067 1442 2141 partem

290 2158 319 2220 in
329 2164 359 2219 te
371 2157 537 2218 maximam
545 2158 613 2236 jure
624 2157 793 2220 redundare
804 2159 1012 2221 existimamus
1022 2203 1030 2235 ,
1041 2156 1093 2237 qui
1104 2157 1218 2219 eisdem
1226 2155 1442 2239 praaluerisco

285 2250 397 2328 mitiis,
416 2269 581 2333 eorumque
603 2252 798 2315 consiliorum
816 2253 992 2334 potissimus
1012 2260 1118 2315 auctor
1137 2252 1240 2315 irena.
1255 2251 1345 2328 Qtrod
1366 2271 1440 2315 vero

285 2346 378 2408 etiam
391 2347 430 2408 de
444 2348 526 2410 bisce
539 2346 669 2409 decretis
679 2348 784 2410 vestris
797 2347 837 2411 ad
849 2351 910 2410 Nos
923 2367 979 2430 pro
996 2356 1050 2410 tuo
1070 2367 1196 2412 munere
1210 2347 1438 2430 perscripseris‚

284 2451 406 2524 gratum
421 2446 452 2508 id
465 2445 558 2508 Nobis
570 2447 762 2508 vehementer
774 2446 831 2509 luit
839 2469 849 2523 3
864 2465 925 2508 una
938 2447 1020 2509 enim
1031 2465 1098 2526 quae
1109 2451 1162 2509 tua
1172 2445 1212 2507 sit
1221 2463 1295 2526 erga
1306 2446 1388 2522 Nos,
1404 2464 1439 2507 ac

286 2538 492 2623 apostolicam
504 2543 583 2605 banc
594 2540 702 2605 Sedem
712 2543 904 2606 observantia
915 2542 1197 2606 aclideslucnlento
1207 2541 1440 2621 ejusrnodiolb-

285 2636 334 2700 cio
344 2638 516 2701 declarasti.
531 2642 628 2713 Quare
641 2646 672 2701 te
687 2659 759 2703 cum
772 2641 880 2704 ceteris
896 2640 1126 2703 venerabilibus
1144 2639 1299 2702 Fratribus
1314 2639 1440 2721 collegis

285 2739 346 2801 tnis
365 2738 611 2821 plurimanostra
623 2739 835 2848 prosequimur
847 2738 973 2801 caritate
980 2745 1092 2818 ,atquc
1112 2737 1149 2799 iis
1166 2735 1357 2816 extollimus,
1371 2756 1440 2819 qun

284 2836 407 2899 uestro
399 2855 430 2900 m
444 2835 610 2899 Ecclesiam
622 2836 739 2914 studio,
753 2856 789 2899 ac
803 2836 834 2898 in
846 2835 993 2898 tuendum
1004 2835 1200 2898 commissum
1214 2832 1301 2898 vobis
1314 2851 1439 2914 megan

283 2935 442 3018 diligentiae
453 2935 513 2997 sint
526 2934 639 3015 digna,
649 2934 790 3018 maximis
803 2933 917 2997 scilicet
927 2952 963 2996 ac
974 2932 1137 2997 senatuis
1149 2930 1309 3009 laudibus,
1325 2930 1441 3012 quibus

283 3051 353 3096 cam
375 3033 467 3095 etiam
479 3032 622 3114 coniungi
644 3009 848 3096 hortationem
867 3039 1004 3094 nostram
1018 3030 1205 3107 existimate,
1226 3048 1293 3112 quaa
1307 3049 1363 3093 vos
1380 3034 1438 3094 etsi

282 3139 459 3219 spontem,
481 3151 548 3211 qua
562 3130 600 3193 ad
620 3130 755 3192 divinam
772 3129 900 3210 gloriam
920 3129 1110 3206 conducunt,
1127 3135 1319 3209 capessentes
1336 3126 1441 3207 adbuc

282 3227 380 3307 magis
394 3227 508 3305 incitet,
525 3246 561 3288 ac
575 3227 751 3288 inllammet.
766 3225 945 3304 Huiusmodi
956 3233 1075 3288 nostros
1091 3244 1197 3288 seusus
1214 3225 1409 3291 uehementer
1420 3247 1441 3290 a

282 3331 312 3383 te
323 3322 481 3404 cupimus,
494 3329 528 3384 ut
538 3341 609 3384 cum
630 3321 734 3383 iisdem
749 3322 869 3402 collegis
882 3321 940 3384 tuis
950 3330 1056 3385 nostro
1072 3322 1195 3385 nomine
1209 3322 1439 3395 communices.
1454 3315 1462 3325 ’

284 3438 318 3481 ac
339 3419 505 3501 participes
518 3419 610 3481 etiam
632 3418 714 3500 ipsos
731 3418 824 3481 iacias
845 3419 1031 3499 Apostolicae.
1044 3419 1281 3498 benedictionis,
1294 3438 1392 3501 quum
1407 3423 1440 3484 in

281 3515 441 3600 pontilicis
460 3515 704 3583 cumulatissime
718 3515 880 3579 voluntatis
896 3516 1004 3598 pignus
1024 3516 1094 3595 tibi,
1109 3516 1296 3593 Venerabilis
1316 3518 1442 3595 Frater,

282 3621 472 3698 peramanter
487 3611 686 3695 impertimur.
703 3617 832 3687 Datum,
854 3622 926 3686 etc,
946 3627 982 3675 aa
1000 3613 1173 3693 septembres
1198 3626 1285 3692 rato,
1306 3619 1438 3694 pentpe-

281 3717 472 3776 cotnanoatri
486 3713 719 3773 connascendo.
1237 3748 1240 3755 ·

767 3817 943 3826 n———u-

817 3883 895 3953 etv.

541 4022 713 4067 canissrno
737 4011 777 4065 ιιιΙ
793 4021 927 4065 cnarsro
949 4021 1031 4065 arara
1053 4020 1172 4064 nosruo

376 4148 379 4156 ·
430 4110 598 4172 tostillo
619 4112 908 4175 PORTUGALLIAE
928 4113 976 4172 ET
997 4108 1279 4172 Atuaualoault

711 4220 787 4268 REGI
802 4219 1003 4270 FlDliLlSSlMO
1072 4267 1075 4272 .

296 4409 299 4417 ,
353 4413 359 4424 ν
475 4416 478 4421 .
593 4305 827 4386 CLElllENS
854 4308 982 4384 ΡΑΡΑ
1010 4306 1116 4382 XIV.

426 4450 429 4454 ·
465 4450 468 4455 ·
806 4435 833 4481 ln
848 4436 907 4481 Arre
923 4427 1119 4491 (landulphum
1132 4424 1265 4488 septembri
1283 4426 1372 4474 tnnc.
1399 4464 1401 4468 .

323 4508 505 4588 Carissimo,
517 4520 573 4573 etc.
590 4513 665 4573 Cant
685 4512 804 4594 publice
823 4512 1064 4594 persolverentur
1082 4513 1144 4572 Deo
1157 4507 1280 4590 Optimo
1298 4503 1438 4575 naman
