3188 5414
477 523 657 578 EPISTOLAE
676 524 721 577 ET
740 523 875 578 nnnvtx
895 523 1127 577 SELECTlORA.
1343 531 1377 581 89

229 624 409 708 perlibenter
424 626 709 708 intelleximus,quo
723 627 833 705 studio,
845 644 964 707 quaque
973 626 1125 706 vigilantia
1139 626 1170 686 in
1181 629 1376 692 commissum

167 764 169 767 -
231 724 285 786 tibi
306 722 429 804 'gregem
443 724 499 802 sis,
514 743 666 806 quamque
689 725 1006 807 eupideamplectaris
1028 743 1133 788 omnes
1148 725 1376 793 illiuseurandu

153 869 158 879 ,
231 819 352 896 salutis,
373 839 410 882 ac
421 839 498 882 verae
512 821 649 884 utilitatis
661 825 693 884 iu
708 841 780 884 eum
793 820 968 884 inducenda
979 820 1230 902 opportunitates.
1246 824 1374 889 Proinde

229 935 299 977 oum
310 934 365 997 per
375 917 486 995 jubilai
501 921 771 999 promulgationem
785 920 972 1000 dispensatos
987 921 1109 982 alNobis
1128 921 1290 985 caelestium
1304 943 1380 987 mu-·

228 1031 335 1074 nerum
350 1013 506 1077 thesauros
521 1015 605 1082 istius
627 1016 766 1078 Dioecesis
780 1016 899 1096 populis
921 1017 1052 1078 maxime
1072 1018 1216 1080 salutares
1238 1037 1303 1082 esse
1319 1038 1375 1100 pro
1393 1079 1397 1088 .

228 1117 281 1172 tua
295 1111 437 1192 pastorali
456 1113 614 1175 sedulitate
629 1114 750 1194 cupias,
771 1132 971 1196 magnamque
991 1117 1112 1179 obstare
1133 1120 1374 1198 evangelicorum

226 1210 433 1286 operariorum
445 1210 629 1289 paucitatem
646 1211 747 1273 videas
762 1230 798 1274 ac
808 1212 925 1289 doleas,
946 1214 983 1275 ad
995 1215 1133 1276 eamdem
1144 1217 1292 1296 producto
1312 1220 1374 1280 sal-

225 1311 289 1365 tem
301 1307 444 1386 temporis
457 1307 612 1370 intervallo
625 1308 810 1390 pensandam
825 1328 1007 1391 magnopere
1026 1313 1102 1392 petis
1117 1332 1135 1374 a
1150 1313 1258 1392 Nobis,
1272 1317 1373 1378 Vene-

224 1403 327 1466 rabilis
339 1397 453 1484 Frater,¹
465 1413 499 1468 ut
509 1406 653 1487 ampliare
662 1407 716 1468 tibi
726 1407 851 1470 velimus
860 1407 971 1485 jubilaei
981 1402 1129 1489 spatium,
1142 1410 1283 1491 quodque
1295 1412 1373 1475 intra

223 1500 538 1580 qriindeoimldiernm,
551 1523 605 1565 seu
616 1504 745 1565 duarum
755 1502 963 1566 hebdomodas
972 1517 984 1581 ‚¹
999 1524 1052 1566 seu
1063 1505 1186 1585 triginta
1198 1506 1260 1568 dies
1272 1514 1372 1570 exten·

224 1595 342 1658 damus.
359 1599 536 1676 Hujusmodi
549 1600 749 1680 episcopalem
767 1599 997 1662 sollicitudinem
1017 1609 1113 1679 tuam,
1131 1607 1220 1682 atque
1239 1602 1320 1663 hanc
1332 1601 1370 1662 de

225 1696 389 1775 apostolica
413 1698 595 1778 benignitate
622 1699 764 1761 fiduciam
790 1699 911 1760 inanem
932 1717 995 1760 esse
1018 1718 1209 1781 nequaqnam
1227 1701 1368 1777 sinimus,

224 1799 315 1870 atque
335 1793 463 1871 idcirce,
476 1795 559 1874 quod
574 1815 591 1856 a
610 1796 702 1877 Nobis
711 1802 775 1857 tam
792 1795 878 1857 enixe
890 1796 1043 1875 postulas,
1056 1815 1092 1857 eo
1107 1796 1161 1858 tibi
1176 1797 1369 1858 concedimus

223 1889 341 1967 animo,
364 1897 397 1950 ut
414 1909 451 1952 ex
462 1891 520 1952 hac
537 1878 679 1970 geminati
688 1892 832 1971 temporis
847 1891 1062 1953 commoditate
1073 1893 1221 1955 maximos
1235 1893 1265 1954 in
1278 1893 1369 1954 istum

222 2006 343 2065 gregem
357 1988 464 2050 divina
477 1989 579 2067 gratia
596 2008 632 2050 ac
649 1989 679 2049 in
693 1995 722 2050 te
739 1988 935 2066 Jueuuditatis
948 1987 1063 2049 fructus
1077 1988 1244 2050 redundare
1262 1989 1369 2069 cupia-

223 2103 302 2145 mus.
329 2089 361 2146 ln
379 2105 415 2148 eo
437 2089 509 2148 certi
528 2087 649 2168 quidem
675 2105 779 2148 sumus
799 2093 866 2147 tuas
880 2103 986 2146 omnes
1006 2103 1119 2165 opera,
1140 2084 1314 2164 diligentia,
1334 2104 1369 2146 ac

176 2168 178 2173 ’
222 2182 375 2244 industria
396 2193 498 2265 partes
522 2201 713 2265 nequaquam
735 2200 800 2244 esse
822 2181 992 2256 defuturas,
1018 2199 1052 2242 ao
1076 2180 1239 2262 plurimam
1262 2179 1368 2242 exinde

223 2279 385 2341 extituram
411 2280 449 2341 ad
473 2267 613 2362 pristinas
638 2289 706 2341 tuas
731 2279 877 2341 diuturna·
901 2277 1107 2361 sollicitudinis
1131 2296 1220 2339 ouras
1245 2285 1369 2338 tuorum

222 2369 397 2438 meritorum
412 2378 624 2439 accessionem.
649 2379 695 2437 lta
716 2376 851 2456 profecto
862 2375 1003 2457 preclare
1014 2375 1056 2435 de
1068 2374 1161 2436 Nobis
1176 2393 1194 2436 a
1216 2381 1246 2435 te
1261 2373 1368 2435 mereri

220 2473 471 2553 existimabimus,
495 2476 546 2557 qui
570 2476 600 2537 in
628 2475 803 2556 gravissimo
826 2474 1020 2555 pontificatus
1044 2475 1218 2538 sustinendo
1242 2493 1368 2537 munere

220 2573 390 2652 hujusmodi
410 2575 543 2637 fidelium
563 2575 746 2655 populorum
765 2571 885 2653 pietatis
906 2571 1017 2634 auxilio
1041 2572 1232 2633 vehementer
1249 2572 1368 2651 indige-

220 2691 305 2750 mus,
324 2693 359 2735 ac
372 2693 442 2735 enm
462 2676 493 2736 in
507 2674 632 2736 modum
650 2670 821 2735 confirmari
841 2669 957 2749 egregie
974 2670 1075 2745 illam,
1097 2689 1189 2751 quam
1204 2689 1275 2748 erga
1295 2672 1366 2748 Nos,

220 2780 310 2854 atque
322 2775 403 2836 hanc
415 2775 610 2856 apostoIIoam
625 2772 727 2834 sedem
739 2770 872 2830 declaras
881 2768 1104 2829 observantiam
1117 2788 1152 2830 ae
1165 2768 1367 2844 devotionern,

219 2869 268 2928 cui
277 2871 338 2930 Nos
349 2870 477 2931 invicem
489 2869 629 2948 singulari
639 2873 749 2946 ergata
763 2865 862 2925 studio
871 2883 906 2924 ao
916 2864 1125 2925 benevolentia
1139 2864 1365 2943 respondemus.

219 2968 264 3024 Ao
279 2964 309 3025 in
329 2965 419 3042 hujus
438 2965 597 3046 pontificia
610 2961 773 3024 voluntatis
794 2961 902 3039 pignus
914 2959 1111 3039 apostolicam
1128 2959 1367 3021 benedictionem

219 3060 290 3140 tibi,
309 3064 493 3126 Venerabilis
512 3066 628 3138 Frater,
643 3067 762 3140 tuaeque
784 3057 854 3119 fidei
869 3055 1030 3118 commisso
1045 3056 1158 3136 populo
1178 3062 1367 3136 peramanter

218 3146 415 3241 impertimur.
434 3163 546 3223 Datum
561 3162 670 3231 Romae,
682 3166 752 3226 etc„
765 3158 815 3216 dte
827 3164 862 3215 30
876 3157 952 3213 mcii
967 3163 1042 3214 1770
1050 3196 1059 3229 ,
1066 3154 1260 3232 pontificatus
1269 3158 1368 3214 nostri

218 3277 299 3319 anno
312 3260 452 3321 secundo.

696 3356 879 3370 η*

716 3469 861 3540 LXXXl.

451 3632 671 3692 bruncrassxuo
695 3632 731 3674 ru
754 3633 888 3674 cunxsro
911 3634 994 3675 arcio
1017 3633 1134 3689 nosrno
1261 3669 1265 3676 ,

357 3733 552 3795 LUDOVICO
572 3736 755 3796 AUGUSTO
776 3736 1009 3798 GALLIARUM
1029 3739 1226 3798 nnnafflno

501 3861 759 3990 'CLEMENS
786 3870 912 3946 PAPA
941 3867 1047 3945 XIV.

1008 4023 1105 4082 ltomae,
1119 4029 1149 4070 30
1161 4022 1218 4071 maii
1234 4027 1301 4072 1770.

259 4122 464 4193 Dileotbstma
483 4130 537 4184 eto.
554 4123 775 4201 perjucundum
793 4126 885 4188 Nobis
899 4125 955 4187 iuit
969 4125 1136 4190 litterarum
1151 4134 1272 4191 tuarum
1292 4127 1380 4203 otte,

217 4218 316 4290 cium,
329 4237 365 4280 ex
378 4239 439 4300 quo
457 4220 660 4283 intelleximus
676 4222 817 4285 eximiam
832 4226 973 4286 Nostram
983 4244 1055 4307 erga
1070 4233 1100 4287 te
1111 4228 1298 4290 voluntatem
1310 4230 1361 4292 tibi

217 4333 283 4376 esse
295 4316 578 4397 perspectissimum.
594 4319 662 4392 Qua
673 4319 764 4399 igitur
777 4320 896 4400 paterni
911 4321 1006 4384 nostri
1020 4322 1177 4400 singularis
1189 4322 1219 4383 in
1230 4329 1260 4393 te
1271 4324 1360 4386 animi

218 4419 393 4490 argumenta
404 4415 468 4492 jam
480 4413 628 4486 dedimus,
641 4416 714 4477 dnm
728 4435 848 4479 summa
866 4418 1019 4480 alacritate
1035 4420 1229 4500 apostolicam
1240 4421 1362 4502 dispeu-

217 4509 362 4571 sationom
385 4511 423 4572 ad
446 4513 663 4590 conuehendas
687 4534 757 4575 erim
779 4515 971 4578 dilectissima
991 4519 1019 4580 in
1040 4508 1157 4581 Christo
1179 4521 1238 4583 filia
1260 4528 1362 4584 nostra
