3188 5414
219 488 268 536 102
647 479 850 534 CLEMENTlS
868 479 932 532 xlv

216 585 482 648 norilicentissimis
501 584 770 664 tuae.benignitatis
788 583 903 644 indiciis
923 583 1074 662 tantisque
1094 582 1126 644 in
1146 583 1253 645 urbem
1274 603 1378 646 orua-

216 693 403 759 mentorum‚
434 703 469 746 ao
492 684 640 746 decorum
666 680 886 743 accessionibus
903 680 1073 757 invectum,
1095 685 1131 742 ut
1151 679 1226 741 nihil
1245 683 1377 762 magni·

218 787 372 863 licentius,
401 784 475 846 nihil
498 783 537 845 ad
559 801 644 845 suam
672 781 777 862 suique
805 779 971 860 Apostolici
993 778 1128 841 munais
1150 778 1280 859 gloriam
1306 780 1376 843 licri

217 885 348 966 potnerit
361 883 560 959 cumulatius,
579 899 650 944 cum
663 898 755 961 porro
768 879 901 959 primum
914 878 1104 956 Maiestatem
1114 878 1212 938 Tuam
1225 877 1266 940 de
1280 896 1376 943 more

218 981 352 1059 adiisset,
366 982 481 1063 amplas
497 986 586 1060 atque
607 979 736 1040 illustres
749 977 840 1039 luisse
856 996 892 1038 ae
907 977 996 1057 plane
1013 975 1156 1037 miriticas
1169 975 1376 1039 humanitatis

219 1080 249 1141 in
263 1097 295 1140 se
310 1097 346 1140 ae
359 1078 461 1158 gratia
473 1084 532 1138 tua
546 1077 577 1138 in
590 1078 651 1138 Nos
667 1094 738 1136 vero
752 1093 788 1136 ac
801 1074 1007 1155 Apostolicam
1022 1072 1101 1134 hanc
1113 1072 1223 1135 Sedem
1236 1074 1373 1148 autoris,

218 1177 396 1267 devotionis,
409 1195 444 1238 ac
453 1176 542 1238 studii
556 1174 783 1237 declarationes.
795 1175 870 1234 Cum
879 1172 925 1234 ha
934 1173 1134 1234 recitarentur
1147 1173 1254 1236 litterae
1262 1176 1376 1238 trium·

217 1273 312 1354 phare
323 1273 548 1356 quodammodo
562 1272 626 1334 visa
635 1271 729 1334 Nobis
738 1271 795 1332 luit
806 1277 946 1351 suscepta
959 1289 996 1331 ex
1006 1270 1112 1331 intima
1122 1271 1213 1332 animi
1226 1273 1374 1351 caritate,

218 1372 390 1452 mutuisque
407 1371 513 1433 officiis
530 1369 694 1432 constituta
714 1370 779 1447 jam
801 1375 832 1429 et
854 1370 1050 1431 corroborata
1073 1369 1152 1432 inter
1168 1372 1230 1433 Nos
1249 1371 1376 1453 pietatis

219 1471 381 1533 contentio.
393 1469 520 1532 Proinde
529 1467 733 1531 incredibilem
746 1467 776 1527 in
789 1466 915 1528 modum
926 1467 1027 1546 augeri
1039 1473 1188 1546 nostrum,
1199 1474 1291 1550 atquo
1299 1489 1375 1535 exa·

216 1565 314 1642 gerari
331 1565 474 1645 gaudium
492 1565 724 1640 sensimus,nec
742 1562 888 1624 contineri
906 1580 987 1624 nunc
1008 1581 1189 1643 possumus,
1201 1564 1277 1645 quin
1290 1565 1376 1630 idmn

219 1660 289 1732 tibi,
304 1662 455 1725 carissime
467 1663 497 1723 in
507 1662 623 1726 Christo
632 1660 687 1722 Fili
699 1661 818 1736 Noster,
835 1678 889 1740 per
905 1658 960 1720 has
971 1659 1087 1723 litteras
1099 1661 1374 1741 communicemus,

220 1776 338 1838 unaque
361 1759 508 1820 maximas
530 1777 565 1820 ac
591 1757 776 1820 immortales
792 1775 917 1836 agamus
936 1756 1048 1836 gratias
1061 1757 1101 1818 ob
1120 1756 1375 1820 luculentissimas

219 1855 302 1932 illas,
322 1875 358 1917 ac
375 1856 485 1936 partim
505 1875 598 1917 noras
617 1854 728 1916 amoris
739 1855 770 1914 in
785 1855 848 1915 Nos
865 1855 924 1931 tui,
938 1873 974 1915 ao
992 1855 1023 1917 in
1043 1856 1249 1935 Apostolicam
1262 1855 1374 1918 Sedem

219 1951 384 2015 devotionis
399 1953 646 2033 significationes,
661 1951 770 2032 quibus
781 1951 908 2013 mirifice
918 1952 1080 2014 confirmas
1091 1951 1184 2015 Nobis
1193 1971 1256 2014 non
1271 1954 1375 2017 solum

220 2068 280 2129 quo
301 2050 333 2110 in
351 2050 507 2130 prasentia
525 2050 565 2111 sis
584 2069 655 2129 erga
668 2051 729 2110 Nos
743 2049 862 2126 animo,
886 2048 939 2110 sed
958 2048 1050 2111 etiam
1062 2067 1129 2128 quac
1148 2055 1203 2110 tua
1214 2048 1320 2112 lutura
1333 2049 1376 2112 sit

218 2146 393 2225 hujusmodi
407 2147 530 2228 egregia
544 2147 704 2210 voluntatis
716 2165 751 2207 ac
762 2147 841 2208 initrc
853 2150 914 2209 Deo
926 2147 990 2228 ipso
1002 2147 1123 2228 auspice
1141 2153 1232 2228 atquc
1247 2155 1376 2211 auctore

221 2244 297 2304 inter
307 2245 368 2305 Nos
379 2244 580 2306 consensionis
591 2243 770 2306 constantia.
788 2247 859 2318 Qum
873 2244 972 2306 officia
985 2253 1089 2306 nostra
1103 2244 1146 2307 ita
1159 2245 1257 2324 stogia
1264 2246 1376 2323 Malos

221 2340 276 2400 tati
291 2343 363 2406 Tura
377 2341 592 2420 persolvimus,
612 2347 645 2401 ut
660 2341 787 2402 alacrius
806 2343 837 2401 in
852 2343 944 2404 Nobis
957 2360 1049 2423 quam
1060 2341 1117 2419 sit,
1129 2361 1165 2404 ac
1176 2343 1298 2405 uberius
1311 2343 1377 2406 hu-

219 2435 351 2513 jusmodi
372 2437 505 2498 studium
528 2437 698 2499 desiderare
718 2457 778 2499 non
801 2440 909 2519 possis.
932 2442 1141 2504 Desideramus
1162 2445 1223 2505 Nos
1248 2443 1377 2523 quidem

223 2532 354 2593 maxime
365 2551 416 2593 eas
430 2533 689 2613 opportunitates,
704 2535 813 2614 quibus
826 2544 944 2599 nostros
956 2539 1012 2602 hos
1024 2539 1079 2602 tibi
1097 2559 1218 2619 sensus,
1233 2560 1312 2621 quos
1324 2543 1377 2606 vix

222 2648 304 2692 nunc
317 2631 415 2691 verbis
435 2630 552 2711 assequi
572 2650 751 2711 possumus,
770 2633 869 2714 reipsa
887 2636 983 2715 magis
998 2637 1028 2697 in
1041 2638 1107 2700 dics
1127 2638 1375 2719 comprobemus.

224 2729 342 2788 Interea
355 2727 436 2807 quod
449 2727 500 2788 Dei
512 2728 649 2789 Ecclesia
661 2730 824 2810 Regnoque
833 2739 886 2794 tuo
898 2733 974 2794 bene
988 2740 1103 2812 vertat,
1116 2734 1213 2796 mutui
1225 2735 1304 2799 inter
1313 2737 1378 2796 Nos

223 2830 387 2901 certemus,
401 2830 435 2885 ut
446 2823 607 2904 (rapimus,
626 2825 745 2905 pietatis
761 2828 883 2906 officiis,
897 2848 1026 2910 eumque
1038 2831 1067 2893 in
1083 2831 1208 2893 modum
1225 2831 1328 2893 divina
1344 2832 1378 2894 in

224 2925 284 2984 Nos
298 2924 436 2986 uberiora
449 2943 566 3005 semper
584 2943 620 2986 ao
639 2926 841 3006 splendidiora
859 2929 1005 2992 beneficia
1018 2946 1226 3009 provocemus.
1244 2932 1380 3007 Dernum

223 3025 429 3104 Apostolicarn
447 3024 686 3087 benedictionem
704 3026 802 3105 Regiae
822 3027 969 3106 Majestati
992 3030 1078 3105 Tuae,
1095 3027 1320 3108 Carissimaeque
1343 3028 1378 3090 in

224 3120 340 3182 Christo
352 3120 430 3181 Filia
444 3128 569 3198 nostra,
585 3121 708 3200 Coniugi
723 3113 795 3183 Tuae
815 3124 933 3202 Reginae
951 3123 1157 3202 Fidelissima,
1172 3144 1210 3186 ao
1227 3124 1287 3187 tuis
1303 3143 1378 3186 om-

223 3215 311 3277 nibus
329 3216 527 3278 dilectissimis
543 3216 635 3279 Nobis
652 3217 681 3277 in
706 3217 822 3279 Christo
844 3219 944 3280 liberis
958 3239 992 3281 ex
1014 3220 1120 3284 intimo
1136 3223 1253 3303 paterni
1273 3223 1380 3286 cordis

224 3330 314 3376 sensu
321 3313 524 3377 eruentissime
530 3312 729 3394 impertimur.
743 3317 855 3376 Datum
865 3319 977 3390 Roinoe,
986 3327 1056 3396 ete,
1065 3321 1114 3380 die
1123 3332 1140 3381 6
1150 3326 1269 3398 augusti
1284 3333 1376 3398 1770,

221 3414 414 3490 pontificatus
427 3417 523 3473 nostri
534 3430 614 3471 anno
625 3412 764 3471 secundo.

707 3534 868 3546 *nn-..-

739 3644 852 3714 XClV.
896 3712 898 3715 .

564 3802 695 3844 DlLECTO
719 3802 802 3844 ulmo
826 3803 933 3844 NOBILl
956 3803 1030 3845 vum

585 3899 736 3970 ‘comm
757 3910 808 3968 DE
829 3910 989 3978 OEYRAS,

410 4032 519 4080 nucis
537 4033 770 4082 Fruunrssrnr
790 4033 1018 4082 sacrariam
1040 4035 1185 4093 maroa,

534 4136 767 4215 CLEMENS
794 4139 924 4216 PAPA
952 4139 1058 4216 XIV.

856 4347 857 4350 Ἴ
923 4290 1290 4352 ,Rornae,ouugusti1770:
1360 4346 1363 4351 .

264 4394 397 4464 Dilecto,
411 4401 465 4456 etc.
475 4393 657 4456 Litterarum
664 4395 847 4457 Venerabilis
854 4397 965 4457 Fratris
975 4395 1374 4480 Innocentiidrclriepisoopi

224 4489 283 4570 syri
297 4490 391 4550 nostri
414 4499 444 4552 et
466 4493 636 4574 apostolice
658 4494 742 4556 Sedis
765 4494 846 4576 apud
871 4494 1059 4556 carissimum
1082 4496 1112 4557 in
1129 4494 1245 4557 Gbristo
1258 4495 1373 4567 lilium
