3188 5414
497 496 722 551 DOCUMENTA
742 497 863 550 vaula.
1204 500 1255 553 3311

107 618 283 681 semperque
297 599 441 680 parueris.
458 602 501 661 Ex
510 600 556 659 bis
571 599 661 661 aninri
673 600 715 661 tui
728 599 883 661 rectissimi
896 599 1031 661 sensibus
1043 600 1123 660 velut
1133 619 1149 660 e
1161 601 1255 676 sonte,

108 709 160 758 tna
169 699 269 766 omnia
279 696 383 757 scribis
394 695 512 756 lluxisse
520 696 642 758 consilia
649 721 658 775 3
669 715 823 776 nunquam
835 715 905 757 cum
915 696 961 773 iis,
969 694 1022 776 qui
1033 696 1117 757 Sedis
1127 698 1254 776 Aposto-

109 797 171 857 licae
189 794 314 856 decretis
332 794 526 855 adversantur
539 794 686 875 quidquid
701 793 755 855 tibi
769 794 858 854 fnisse
872 793 1064 869 commercii,
1082 792 1214 873 nihilque
1227 801 1257 854 te

94 893 292 970 designasse,
307 891 446 952 molitum
460 910 537 964 esse,
555 891 676 968 dixisse,
691 896 742 952 aut
754 891 915 970 cogitasse,
928 910 964 952 ex
976 908 1113 971 quorem
1128 889 1258 951 catholi-

64 1001 70 1015 ·
107 1006 175 1048 cam
189 986 344 1067 quidpiam
356 986 525 1046 detrimenti
539 986 674 1066 accipere
684 1003 772 1065 posse
786 986 980 1066 suspicarere.
992 988 1063 1058 Quae
1074 985 1196 1065 quidem
1208 1005 1259 1047 vc·

107 1083 244 1159 luntatis,
261 1082 369 1154 studii,
391 1082 525 1163 pietatis,
541 1101 606 1162 quac
619 1091 677 1145 tna
698 1083 728 1143 in
744 1083 908 1144 Ecclesiam
920 1083 1064 1163 preclara
1082 1081 1260 1162 significatio

108 1183 160 1243 etsi
182 1180 273 1243 Nobis
293 1179 460 1261 gratissima
474 1180 530 1240 fuit
550 1187 581 1240 et
593 1179 794 1260 perjucunda,
816 1184 918 1240 tamen
939 1177 1022 1259 apud
1039 1179 1100 1239 Nos
1119 1179 1192 1239 nihil
1209 1179 1260 1240 illa

110 1298 184 1358 opus
196 1278 252 1339 fuit
259 1301 267 1354 ;
283 1296 354 1338 cum
366 1296 426 1339 non
443 1276 534 1339 modo
546 1276 583 1339 de
594 1277 742 1354 ejusmodi
754 1274 908 1337 malevolis
918 1275 1119 1353 sermonibus,
1133 1294 1208 1355 quos
1222 1276 1259 1336 de

110 1382 139 1434 te
147 1374 254 1452 jactari
265 1375 466 1455 conquereris,
482 1374 554 1436 nihil
567 1393 699 1455 unquam
712 1374 944 1453 inaudierimus,
957 1374 1058 1435 sedne
1069 1374 1259 1435 tenuissimus

109 1472 228 1550 quidem
240 1472 431 1532 rumusculus
446 1470 483 1531 ad
496 1489 582 1532 aures
596 1478 714 1533 nostras
726 1471 881 1532 afflaverit.
894 1471 927 1533 Id
940 1489 1013 1533 varo
1026 1477 1057 1531 te
1070 1470 1124 1531 tihi
1133 1471 1259 1533 validius

109 1588 320 1649 persuasurum
337 1569 557 1644 existimamus,
570 1568 594 1629 si
608 1568 645 1630 de
659 1568 804 1630 beneficio
816 1574 919 1629 nostro
934 1567 1137 1647 singularique
1155 1567 1260 1629 Cardi-

110 1665 227 1726 ualatus
249 1665 378 1742 honore,
393 1685 455 1745 quo
468 1673 497 1727 te
518 1671 658 1727 ornatum
671 1662 835 1740 voluimus,
851 1663 1028 1744 cogitaveris
1044 1685 1051 1722 :
1069 1662 1260 1741 nequeenim

110 1761 194 1821 illurn
210 1768 387 1840 assequutus
406 1782 500 1840 esses,
514 1763 537 1822 si
552 1763 598 1822 vel
610 1761 757 1822 levissima
771 1761 863 1822 Nobis
874 1806 882 1839 ,
895 1761 926 1821 in
945 1779 979 1823 rc
993 1765 1054 1820 tam
1068 1759 1167 1838 gravi,
1182 1759 1219 1820 dc
1230 1767 1260 1821 tc
1309 1748 1313 1754 ’

111 1860 124 1917 1
124 1860 214 1919 nisset
225 1859 334 1937 injecta
348 1859 488 1941 suspicio.
503 1859 663 1938 Reliquum
675 1864 735 1934 est,
750 1863 783 1917 ut
794 1856 852 1917 ista
867 1863 920 1916 tua
933 1855 1084 1922 dictorum
1098 1855 1260 1920 sactorum·

111 1974 169 2034 qne
180 1962 312 2033 tucrum,
326 1976 391 2036 qua
402 1957 440 2017 ad
449 1955 612 2020 Ecclesiam
627 1950 836 2037 pertinuerint,
851 1951 1032 2018 conscientia
1043 1960 1072 2016 te
1087 1956 1258 2032 consolere;

111 2052 197 2128 eujus
211 2052 255 2112 vis
268 2061 381 2132 quanta
392 2053 430 2116 sit
442 2053 605 2116 declaravit
619 2056 654 2114 B.
670 2055 775 2114 Petrus
785 2053 938 2132 apostolus
950 2070 1020 2114 cum
1034 2051 1151 2132 scripsit
1165 2074 1180 2110 n
1189 2070 1261 2113 cum

111 2148 256 2211 modestia
279 2155 309 2209 et
328 2149 435 2212 timore
452 2149 667 2213 conscientiam
689 2149 837 2210 habentes
852 2148 981 2224 bonam,
1001 2152 1035 2208 ut
1058 2147 1088 2207 in
1111 2165 1164 2224 eo,
1179 2146 1261 2226 quod

112 2244 273 2308 detrahunt
281 2244 383 2324 vobis,
394 2244 627 2310 confundantur.
638 2265 654 2303 n
667 2246 728 2306 Nos
739 2244 860 2325 quidem
870 2244 910 2304 ob
920 2246 984 2304 tam
994 2244 1169 2324 preclaram
1181 2243 1261 2325 apud

112 2341 317 2419 Apostolicam
329 2341 437 2404 Sedam
446 2339 582 2420 obsequii
591 2385 599 2417 ,
608 2339 794 2416 obedientia,
810 2338 879 2400 fidei
894 2338 1022 2419 denique
1036 2346 1094 2401 tuae
1108 2339 1262 2419 significa-

113 2435 225 2497 tionem
237 2437 310 2498 illud
321 2437 384 2500 fore
393 2439 573 2501 confidimus
581 2483 589 2515 ,
602 2445 636 2499 ut
646 2438 793 2517 ejusmodi
803 2437 840 2499 de
853 2443 882 2498 te
898 2455 1035 2499 rumores
1045 2438 1129 2514 mali,
1144 2438 1263 2518 prolata

112 2530 143 2591 in
155 2532 252 2595 lucem
263 2533 398 2611 veritate,
408 2535 543 2597 funditus
553 2542 743 2598 evanescant.
758 2535 833 2598 lllud
849 2541 950 2598 antem
960 2535 1090 2616 quodde
1103 2553 1134 2596 sc
1143 2534 1262 2596 dicebat

113 2632 231 2708 B.·l0b,
245 2633 356 2696 dumte
367 2653 538 2711 monemus,
549 2634 648 2696 netibi
662 2654 796 2715 unquam
807 2654 843 2696 ex
853 2635 953 2697 animo
963 2634 1093 2712 excidat,
1108 2650 1262 2695 nonrecc-

113 2728 182 2788 dam
194 2730 231 2790 ab
243 2731 413 2793 innocentia
427 2751 511 2808 mea3
522 2731 766 2809 justificationem
777 2749 889 2804 meam,
901 2751 992 2811 quam
1002 2731 1078 2810 coepi
1092 2736 1193 2792 tenere
1202 2747 1262 2790 non

114 2825 250 2887 deseram
262 2849 292 2903 a,
303 2834 433 2906 paternae
442 2828 474 2887 in
486 2832 516 2889 te
528 2828 661 2888 caritatis
676 2837 708 2889 et
722 2827 933 2891 benevolentia
939 2834 1049 2891 nostra
1056 2827 1165 2908 pignus
1175 2842 1262 2907 apos·

115 2921 237 2982 tclicam
256 2923 497 2986 benedictionem
514 2930 705 3002 peramanter
720 2923 919 3004 impertimur.
936 2927 1050 2986 Datum
1063 2926 1182 2998 Romae,
1193 2928 1261 2998 ea,

111 3019 257 3094 postridie
269 3021 331 3082 tot.
347 3023 455 3099 aprilis
471 3030 559 3097 1760,
569 3023 762 3098 panificatur
776 3026 873 3082 antri
888 3039 969 3083 anno
987 3021 1127 3082 amado.

611 3167 763 3179 hnc-un·—

566 3293 807 3365 CCLXXXVll.

359 3443 385 3500 A
405 3444 445 3503 Μ.
468 3443 516 3502 Lu
538 3444 712 3515 MARQUIS
734 3440 1017 3504 annumerans:

764 3599 783 3642 A
798 3591 1098 3667 resumebamus
1116 3595 1182 3645 (715.
1256 3618 1259 3628 -

118 3850 120 3855 ,
155 3791 190 3854 lc
201 3789 318 3873 croyais
327 3809 387 3873 que
400 3791 456 3854 ΜΨ
464 3792 493 3856 lc
502 3792 636 3856 cardinal
647 3791 685 3853 de
696 3791 927 3857 Rachechouart
938 3789 1018 3854 avait
1029 3789 1117 3852 laissa
1133 3791 1151 3850 a
1165 3791 1261 3851 bone

116 3888 190 3951 dans
200 3889 230 3950 la
240 3887 409 3952 secretana
420 3887 668 3953 del'ambassade
679 3887 805 3967 duRoi,
817 3890 870 3954 des
882 3889 983 3970 copies
993 3887 1031 3950 de
1043 3905 1076 3950 sa
1087 3884 1263 3967 correspon-

116 3986 211 4049 nanee
219 3987 341 4052 relative
349 4007 407 4050 anx
418 3987 536 4052 affaires
545 3987 583 4050 de
592 3989 632 4050 Sa
643 3989 787 4066 Majeste5
800 3989 877 4050 mais
888 3988 1017 4069 puisque
1029 4005 1080 4049 rna
1089 3985 1262 4062 conjectura

117 4086 194 4148 acet
208 4085 299 4165 egard
312 4105 349 4148 ne
365 4105 398 4149 se
410 4093 516 4148 treme
528 4105 584 4167 pas
596 4085 723 4165 londria,
739 4087 770 4164 je
784 4105 859 4148 vous
872 4098 987 4167 envcye
1000 4085 1029 4146 la
1051 4081 1262 4162 depactaeque

114 4182 145 4258 je
158 4181 199 4241 lui
214 4183 345 4246 adressai
360 4202 414 4264 par
436 4202 477 4245 nn
499 4183 646 4264 euprbsle
672 4195 707 4244 16
718 4183 835 4267 janvier
853 4195 926 4247 1762
947 4185 1132 4245 concernant
1143 4177 1192 4241 'les
1210 4177 1262 4256 iti-

117 4277 219 4339 snites.
235 4278 416 4359 l'appronve
431 4278 491 4341 fort
511 4280 538 4342 lc
557 4280 712 4360 partique
733 4298 811 4344 vous
828 4297 899 4345 avez
922 4279 984 4360 pris
997 4278 1036 4341 dc
1054 4281 1177 4340 concert
1189 4291 1262 4337 avec

118 4375 172 4434 Mn
192 4375 219 4435 lc
231 4375 364 4437 cardinal
377 4374 415 4437 dc
430 4375 563 4453 Sciarra,
578 4375 616 4439 de
629 4395 667 4438 ne
681 4376 755 4437 faire
771 4395 887 4438 aucune
902 4375 1064 4440 demarcho
1076 4393 1114 4438 au
1131 4372 1261 4453 sujct'de

117 4469 199 4532 t’odit
211 4471 252 4532 du
266 4470 321 4534 ilci
336 4491 390 4553 par
404 4475 555 4552 rapporta
568 4473 632 4535 leur
643 4474 837 4554 campagnia,
853 4473 1063 4536 etd’attandre
1076 4472 1169 4552 qu’on
1182 4486 1271 4534 vous·
