3188 5414
475 509 658 578 nrisronn
677 518 722 580 nr
741 525 873 581 nnnvm
893 520 1126 583 sennonem.
1324 533 1374 584 tio

724 708 884 780 CXXXV.

679 874 813 917 nttncro
834 876 922 918 1¹*th

306 975 432 1036 PETRO
455 950 793 1042 CONGREGXTIONIS
813 981 1300 1046 Bnnnltlurlno-nnvnnlcm

700 1100 895 1154 PRAESIDENTI

536 1210 772 1292 CLEMENS
799 1216 926 1294 PAPA
955 1217 1061 1294 XIV.

978 1387 981 1393 '
998 1384 1096 1444 Rontae,
1113 1389 1135 1432 tr
1152 1385 1209 1446 inaji
1223 1389 1291 1434 1771.

265 1495 393 1563 Dilecto,
409 1501 464 1556 ete.
483 1495 559 1555 Cum
573 1513 626 1575 per
639 1490 783 1557 dilectum
797 1492 892 1556 filium
906 1493 1079 1578 Philippum
1097 1494 1265 1559 Carcamm
1276 1498 1376 1580 signi-

221 1589 357 1653 materis
370 1588 462 1666 Nobis
485 1590 523 1652 dc
537 1592 726 1671 generalibus
745 1592 851 1680 vestris
871 1589 1017 1667 comitiis,
1038 1613 1104 1676 que
1123 1612 1180 1675 pro
1200 1614 1373 1659 successore

221 1692 275 1749 'tuo
284 1687 415 1748 creando
426 1686 508 1749 brevi
518 1686 648 1751 habituri
659 1691 742 1766 estis,
752 1690 901 1755 voluimus
912 1710 969 1772 pro
981 1691 1123 1772 singulari
1132 1699 1258 1773 paterna
1269 1701 1373 1756 nostra

221 1802 295 1863 erga
305 1783 568 1862 congregationem
582 1791 712 1851 vestram
727 1786 937 1849 benevolentia
949 1806 986 1848 ea
1000 1788 1039 1849 ad
1053 1795 1082 1849 te
1095 1788 1240 1866 scribere,
1254 1809 1320 1870 quae
1333 1793 1372 1853 ad

221 1885 355 1940 vestrum
375 1878 510 1939 omnium
531 1879 692 1941 utilitatem
712 1880 1057 1962 pertinerecensemus,
1078 1903 1203 1964 quaeque
1216 1903 1287 1945 cum
1310 1885 1372 1946 ale

221 1980 311 2035 erunt
324 1993 394 2035 oum
406 1975 589 2053 Abbatibus,
602 1983 632 2036 ct
644 1975 780 2038 discretis
793 1983 897 2039 nostro
910 1978 1031 2040 nomine
1044 1979 1284 2058 communicata,
1301 2001 1374 2062 gra-

222 2072 339 2134 tissima
352 2071 493 2133 omnibus
502 2072 604 2135 lutura
618 2073 811 2135 arbitramur.
823 2073 902 2148 Quid
915 2074 996 2136 enim
1013 2075 1146 2155 gratius,
1164 2095 1200 2138 ac
1210 2077 1373 2155 jucundius

221 2170 307 2232 vobis
320 2188 384 2231 esse
400 2170 504 2248 debet,
519 2171 651 2251 quamsi
665 2190 719 2234 vos
731 2171 770 2233 ad
789 2171 839 2233 illa
859 2171 1038 2250 excitemus,
1051 2193 1117 2254 qna
1131 2180 1231 2236 vestra
1241 2173 1373 2235 maximo

220 2268 384 2346 intersunt,
396 2286 558 2350 veramque
570 2274 701 2331 vestram
715 2268 836 2332 laudem
848 2289 884 2332 ao
896 2271 1023 2351 gloriam
1035 2272 1209 2334 continent?
1220 2275 1292 2348 Quae
1302 2274 1326 2336 si
1342 2274 1371 2336 in

220 2364 393 2441 monastiea
412 2364 480 2426 vitm
492 2365 649 2447 disciplina
663 2375 803 2430 accurate
815 2368 973 2429 retinenda
987 2369 1075 2430 unice
1086 2376 1157 2432 sunt
1173 2371 1286 2452 posita,
1300 2377 1372 2433 tuno

220 2481 257 2522 ea
268 2469 349 2524 certe
368 2482 428 2552 vos⁸
441 2470 608 2542 assecutos,
630 2470 751 2544 putate,
766 2465 791 2527 si
810 2483 882 2527 eum
899 2465 984 2527 vobis
996 2466 1154 2548 praesidem
1171 2459 1304 2551 eligatis,
1318 2469 1371 2550 qui

220 2562 403 2642 prudentia,
419 2562 595 2624 obedientie
603 2607 612 2641 ,
625 2581 661 2625 ao
673 2562 841 2625 sanctitatis
861 2563 1038 2644 praeclarum
1052 2571 1141 2627 antea
1154 2560 1307 2655 specimen
1319 2565 1370 2648 ἀφ

219 2659 312 2737 derit,
327 2659 378 2741 qui
403 2659 442 2721 ad
461 2659 617 2733 virtutem,
640 2659 679 2721 ad
698 2679 853 2722 sacrarum
873 2660 1044 2724 litterarum
1065 2662 1180 2740 studia,
1204 2664 1234 2724 in
1259 2664 1370 2745 quibus

220 2757 284 2836 ipse
298 2763 431 2836 praestet,
451 2755 526 2816 alios
540 2755 628 2824 facile
642 2755 794 2835 impellat,
810 2755 862 2836 qui
877 2756 1006 2842 deniqne
1023 2758 1124 2824 omnis
1140 2758 1238 2821 laudis
1250 2777 1286 2820 ac
1298 2759 1371 2826 reli·
1420 2769 1422 2775 '

219 2851 317 2928 gionis
329 2850 468 2912 ardorem
482 2868 537 2912 suo
550 2850 613 2930 ipse
624 2851 763 2930 exemplo
773 2851 805 2916 in
815 2851 952 2914 omnium
966 2852 1074 2916 animis
1088 2854 1183 2932 possit
1195 2854 1368 2916 accendero.

220 2950 323 3028 Neque
339 2948 422 3010 enim
439 2967 541 3010 rerum
552 2954 720 3013 vestrarum
739 2953 853 3019 statum
863 2948 980 3009 clarum
997 2967 1032 3010 ac
1045 2949 1203 3011 florentem
1216 2949 1369 3028 obtinere,

219 3049 250 3104 ot
264 3042 342 3105 tueri
356 3061 491 3124 unquam
499 3043 657 3126 poteritis,
669 3042 724 3105 nisi
741 3042 852 3105 virtute
864 3061 900 3105 ac
911 3043 1050 3106 doctrina
1062 3045 1263 3126 congregatio,
1272 3053 1371 3128 uestra

220 3140 333 3218 vigeat,
348 3158 446 3220 neque
470 3140 570 3220 vigere
589 3139 763 3219 hujusmodi
784 3140 970 3206 ornamentis
983 3141 1109 3224 poterit,
1131 3141 1186 3204 nisi
1200 3134 1372 3229 qui'praesit

219 3236 376 3314 omnibus,
400 3243 525 3300 caetaros
543 3237 577 3311 in,
596 3238 798 3319 consectanda
821 3237 947 3300 instituti
970 3239 1062 3301 vestri
1089 3258 1197 3302 norma
1220 3241 1282 3303 suis
1306 3241 1371 3322 ipso

218 3333 443 3413 egregiislactis
454 3335 593 3402 retineat.
604 3337 699 3415 Quem
710 3334 799 3414 igitur
811 3334 888 3398 inter
899 3342 944 3399 tot
952 3337 1079 3417 eximios
1087 3346 1193 3403 vestrae
1203 3357 1371 3421 congrega-

220 3430 310 3492 tionis
328 3431 407 3496 viros
430 3437 573 3512 praestare
593 3431 725 3495 maxime
738 3430 820 3493 hisce
840 3431 981 3496 laudibus
1002 3433 1125 3515 videtis,
1146 3437 1228 3499 huno
1247 3437 1370 3503 vobisa

221 3527 334 3607 Spiritu
346 3534 450 3589 sancto
463 3526 582 3592 ostendi
594 3547 686 3608 quem
699 3527 816 3608 eligatis
827 3528 1006 3594 existimate.
1018 3533 1086 3596 Non
1096 3533 1205 3615 privati
1216 3535 1369 3601 commodi

219 3625 366 3703 rationes,
385 3643 446 3687 non
463 3626 594 3705 cujusvis
609 3627 706 3706 gratia
722 3646 775 3689 vos
791 3627 830 3688 ab
850 3626 909 3689 hac
921 3629 1064 3709 publiea,
1077 3638 1109 3694 et
1123 3632 1257 3696 maxima
1269 3638 1370 3694 vestra
1405 3665 1408 3669 ·

220 3723 348 3785 utilitate
354 3724 518 3805 quaerenda
527 3731 691 3792 removeat.
701 3711 787 3789 Titne
794 3725 918 3806 singulis
929 3726 986 3789 erit
996 3728 1110 3815 optime
1119 3731 1288 3813 provisum„
1297 3748 1368 3797 oum

195 3900 198 3905 ἢ
217 3821 294 3882 bene
309 3821 455 3884 universis
468 3822 644 3888 consulatis.
656 3824 770 3889 Verum
785 3841 824 3885 ne
838 3823 869 3884 in
879 3822 938 3886 hac
951 3830 1051 3886 vestra
1061 3825 1237 3906 gravissima
1252 3825 1369 3888 actione

218 3938 236 3978 a
250 3925 332 3980 recta
343 3918 501 3997 iudicandi·
511 3919 628 3982 ratione
639 3920 778 3982 aberrare
791 3918 927 4000 possitis,
939 3921 1036 3986 Deum
1054 3939 1150 3986 unum
1164 3919 1369 3995 consiliarium

219 4022 309 4095 atque
327 4023 482 4079 auctorem
504 4017 536 4079 in
556 4015 705 4100 suffragiis
726 4017 833 4078 vestris
855 4015 987 4082 ferendis
1006 4016 1162 4096 adhibete,
1187 4014 1369 4104 Patremque

221 4101 387 4192 luminum,
400 4120 434 4177 ut
442 4113 528 4183 robis
538 4120 649 4196 praesto
663 4113 717 4192 sit,
730 4120 761 4176 el
773 4113 936 4180 sententias
944 4114 1187 4195 vestrasdirigat,
1196 4114 1365 4196 implorate.

220 4214 335 4291 Atque,
358 4220 392 4276 ut
413 4212 651 4288 aliorumetinm
665 4212 813 4298 adtleum
835 4211 1230 4299 precibussnllragamrum
1242 4212 1367 4278 consilia

134 4382 141 4398 ι
215 4316 371 4387 juventur,
386 4310 543 4392 patefactis
551 4311 690 4375 Ecclesia
702 4311 851 4374 thesauris
859 4309 1013 4382 Fidelium
1021 4309 1155 4392 subsidia
1165 4309 1251 4373 vobis
1262 4309 1368 4390 adjun-

217 4407 328 4486 gimus.
349 4409 537 4489 Quapropter
557 4409 698 4474 omnibus
718 4410 874 4490 utriusque
887 4427 976 4472 sexus
991 4406 1147 4483 fidelibus,
1166 4406 1218 4488 qui
1241 4416 1298 4489 per=
1313 4425 1366 4469 eos

218 4503 282 4566 dies
296 4523 367 4568 cnm
389 4506 543 4599 generalis¹
556 4513 720 4571 conventus
741 4512 837 4570 vester
850 4505 1022 4584 habebitur,
1044 4503 1233 4584 monasterii,
1253 4509 1284 4568 in
1303 4523 1371 4623 quo*
