<?xml version="1.0" encoding="UTF-8"?>
<!DOCTYPE html PUBLIC "-//W3C//DTD XHTML 1.0 Transitional//EN"
    "http://www.w3.org/TR/xhtml1/DTD/xhtml1-transitional.dtd">
<html xmlns="http://www.w3.org/1999/xhtml" xml:lang="en" lang="en">
 <head>
  <title>
</title>
<meta http-equiv="Content-Type" content="text/html;charset=utf-8" />
  <meta name='ocr-system' content='tesseract 3.04.00' />
  <meta name='ocr-capabilities' content='ocr_page ocr_carea ocr_par ocr_line ocrx_word'/>
</head>
<body>
  <div class='ocr_page' id='page_1' title='image "./clementisxivpon00clemgoog_0208.png"; bbox 0 0 3188 5414; ppageno 0'>
   <div class='ocr_carea' id='block_1_1' title="bbox 487 484 1389 556">
    <p class='ocr_par' dir='ltr' id='par_1_1' title="bbox 487 484 1389 556">
     <span class='ocr_line' id='line_1_1' title="bbox 487 484 1389 556; baseline 0.01 -9"><span class='ocrx_word' id='word_1_1' title='bbox 487 495 668 550; x_wconf 72' lang='lat' dir='ltr'><strong>nrrs&#39;ronn</strong></span> <span class='ocrx_word' id='word_1_2' title='bbox 687 495 732 551; x_wconf 78' lang='grc' dir='ltr'><strong>ιι</strong></span> <span class='ocrx_word' id='word_1_3' title='bbox 752 494 887 550; x_wconf 80' lang='lat' dir='ltr'><strong>aarum</strong></span> <span class='ocrx_word' id='word_1_4' title='bbox 905 484 1140 554; x_wconf 75' lang='lat' dir='ltr'><strong>sannorrona.</strong></span> <span class='ocrx_word' id='word_1_5' title='bbox 1334 505 1389 556; x_wconf 78' lang='grc' dir='ltr'><strong>ιιι</strong></span> 
     </span>
    </p>
   </div>
   <div class='ocr_carea' id='block_1_2' title="bbox 233 595 1389 1266">
    <p class='ocr_par' dir='ltr' id='par_1_2' title="bbox 233 595 1389 1266">
     <span class='ocr_line' id='line_1_2' title="bbox 239 595 1389 680; baseline 0.006 -22"><span class='ocrx_word' id='word_1_6' title='bbox 239 595 301 658; x_wconf 88' lang='lat' dir='ltr'><strong>suis</strong></span> <span class='ocrx_word' id='word_1_7' title='bbox 315 595 420 657; x_wconf 84' lang='lat' dir='ltr'><strong>littoris</strong></span> <span class='ocrx_word' id='word_1_8' title='bbox 434 599 606 678; x_wconf 84' lang='lat' dir='ltr'><strong>apostolicis</strong></span> <span class='ocrx_word' id='word_1_9' title='bbox 619 599 708 661; x_wconf 87' lang='lat' dir='ltr'><strong>tertio</strong></span> <span class='ocrx_word' id='word_1_10' title='bbox 720 600 959 668; x_wconf 60' lang='lat' dir='ltr'><strong>kalendamartii</strong></span> <span class='ocrx_word' id='word_1_11' title='bbox 969 602 1103 680; x_wconf 83' lang='lat' dir='ltr'><strong>ejusdcm</strong></span> <span class='ocrx_word' id='word_1_12' title='bbox 1124 603 1192 662; x_wconf 93' lang='lat' dir='ltr'><strong>anni</strong></span> <span class='ocrx_word' id='word_1_13' title='bbox 1210 604 1389 676; x_wconf 82' lang='lat' dir='ltr'><strong>confirmato</strong></span> 
     </span>
     <span class='ocr_line' id='line_1_3' title="bbox 236 694 1389 776; baseline 0.005 -23"><span class='ocrx_word' id='word_1_14' title='bbox 236 695 393 772; x_wconf 84' lang='lat' dir='ltr'><strong>volumus,</strong></span> <span class='ocrx_word' id='word_1_15' title='bbox 407 713 442 756; x_wconf 93' lang='lat' dir='ltr'><strong>ac</strong></span> <span class='ocrx_word' id='word_1_16' title='bbox 455 694 588 756; x_wconf 85' lang='lat' dir='ltr'><strong>districte</strong></span> <span class='ocrx_word' id='word_1_17' title='bbox 602 694 800 776; x_wconf 83' lang='lat' dir='ltr'><strong>praecipiendo</strong></span> <span class='ocrx_word' id='word_1_18' title='bbox 811 695 991 757; x_wconf 85' lang='lat' dir='ltr'>mandamus</span> <span class='ocrx_word' id='word_1_19' title='bbox 1004 713 1041 756; x_wconf 90' lang='lat' dir='ltr'><strong>ne</strong></span> <span class='ocrx_word' id='word_1_20' title='bbox 1053 695 1186 776; x_wconf 84' lang='lat' dir='ltr'><strong>Dignitas</strong></span> <span class='ocrx_word' id='word_1_21' title='bbox 1198 702 1249 758; x_wconf 91' lang='lat' dir='ltr'><strong>aut</strong></span> <span class='ocrx_word' id='word_1_22' title='bbox 1260 699 1389 759; x_wconf 90' lang='lat' dir='ltr'><strong>canoni-</strong></span> 
     </span>
     <span class='ocr_line' id='line_1_4' title="bbox 237 791 1389 873; baseline 0.003 -21"><span class='ocrx_word' id='word_1_23' title='bbox 237 809 292 852; x_wconf 89' lang='lat' dir='ltr'><strong>cus</strong></span> <span class='ocrx_word' id='word_1_24' title='bbox 311 793 465 853; x_wconf 90' lang='lat' dir='ltr'><strong>celebrans</strong></span> <span class='ocrx_word' id='word_1_25' title='bbox 485 799 647 872; x_wconf 85' lang='lat' dir='ltr'><strong>prasumat</strong></span> <span class='ocrx_word' id='word_1_26' title='bbox 667 793 728 854; x_wconf 89' lang='lat' dir='ltr'><strong>ullo</strong></span> <span class='ocrx_word' id='word_1_27' title='bbox 740 792 832 854; x_wconf 88' lang='lat' dir='ltr'><strong>modo</strong></span> <span class='ocrx_word' id='word_1_28' title='bbox 844 793 890 854; x_wconf 88' lang='lat' dir='ltr'><strong>vel</strong></span> <span class='ocrx_word' id='word_1_29' title='bbox 907 792 1130 873; x_wconf 85' lang='lat' dir='ltr'><strong>pontificalibus</strong></span> <span class='ocrx_word' id='word_1_30' title='bbox 1150 791 1334 855; x_wconf 88' lang='lat' dir='ltr'><strong>indumentis</strong></span> <span class='ocrx_word' id='word_1_31' title='bbox 1350 795 1389 855; x_wconf 90' lang='lat' dir='ltr'><strong>ad</strong></span> 
     </span>
     <span class='ocr_line' id='line_1_5' title="bbox 235 889 1388 973; baseline 0.003 -23"><span class='ocrx_word' id='word_1_32' title='bbox 235 890 329 953; x_wconf 86' lang='lat' dir='ltr'><strong>altare</strong></span> <span class='ocrx_word' id='word_1_33' title='bbox 345 897 399 952; x_wconf 90' lang='lat' dir='ltr'><strong>aut</strong></span> <span class='ocrx_word' id='word_1_34' title='bbox 421 889 452 952; x_wconf 91' lang='lat' dir='ltr'><strong>in</strong></span> <span class='ocrx_word' id='word_1_35' title='bbox 475 890 568 952; x_wconf 91' lang='lat' dir='ltr'><strong>choro</strong></span> <span class='ocrx_word' id='word_1_36' title='bbox 591 890 693 967; x_wconf 90' lang='lat' dir='ltr'><strong>indui,</strong></span> <span class='ocrx_word' id='word_1_37' title='bbox 715 891 761 953; x_wconf 89' lang='lat' dir='ltr'><strong>vel</strong></span> <span class='ocrx_word' id='word_1_38' title='bbox 778 892 927 973; x_wconf 90' lang='lat' dir='ltr'><strong>populum</strong></span> <span class='ocrx_word' id='word_1_39' title='bbox 942 891 1023 954; x_wconf 90' lang='lat' dir='ltr'><strong>trina</strong></span> <span class='ocrx_word' id='word_1_40' title='bbox 1040 891 1248 955; x_wconf 90' lang='lat' dir='ltr'><strong>benedictione</strong></span> <span class='ocrx_word' id='word_1_41' title='bbox 1266 892 1388 954; x_wconf 83' lang='lat' dir='ltr'><strong>benedi-</strong></span> 
     </span>
     <span class='ocr_line' id='line_1_6' title="bbox 234 985 1387 1071; baseline 0.005 -24"><span class='ocrx_word' id='word_1_42' title='bbox 234 1004 320 1063; x_wconf 88' lang='lat' dir='ltr'><strong>cere‚</strong></span> <span class='ocrx_word' id='word_1_43' title='bbox 338 987 385 1048; x_wconf 87' lang='lat' dir='ltr'><strong>vel</strong></span> <span class='ocrx_word' id='word_1_44' title='bbox 397 1005 468 1049; x_wconf 90' lang='lat' dir='ltr'><strong>cum</strong></span> <span class='ocrx_word' id='word_1_45' title='bbox 478 987 610 1050; x_wconf 89' lang='lat' dir='ltr'><strong>formula</strong></span> <span class='ocrx_word' id='word_1_46' title='bbox 622 988 784 1070; x_wconf 87' lang='lat' dir='ltr'><strong>episcopali</strong></span> <span class='ocrx_word' id='word_1_47' title='bbox 799 989 881 1050; x_wconf 87' lang='lat' dir='ltr'><strong>:Pax</strong></span> <span class='ocrx_word' id='word_1_48' title='bbox 896 985 982 1050; x_wconf 89' lang='lat' dir='ltr'><strong>vobis</strong></span> <span class='ocrx_word' id='word_1_49' title='bbox 1004 1012 1012 1051; x_wconf 90' lang='lat'><strong>:</strong></span> <span class='ocrx_word' id='word_1_50' title='bbox 1035 989 1166 1052; x_wconf 87' lang='lat' dir='ltr'><strong>salutare</strong></span> <span class='ocrx_word' id='word_1_51' title='bbox 1180 990 1229 1051; x_wconf 84' lang='lat' dir='ltr'><strong>vol</strong></span> <span class='ocrx_word' id='word_1_52' title='bbox 1244 993 1387 1071; x_wconf 85' lang='lat' dir='ltr'><strong>pastorali</strong></span> 
     </span>
     <span class='ocr_line' id='line_1_7' title="bbox 233 1083 1388 1167; baseline 0.007 -24"><span class='ocrx_word' id='word_1_53' title='bbox 233 1083 342 1145; x_wconf 90' lang='lat' dir='ltr'><strong>baculo</strong></span> <span class='ocrx_word' id='word_1_54' title='bbox 363 1083 426 1162; x_wconf 81' lang='lat' dir='ltr'><strong>uti3</strong></span> <span class='ocrx_word' id='word_1_55' title='bbox 448 1086 549 1149; x_wconf 89' lang='lat' dir='ltr'><strong>nullus</strong></span> <span class='ocrx_word' id='word_1_56' title='bbox 569 1106 639 1149; x_wconf 85' lang='lat' dir='ltr'><strong>voro</strong></span> <span class='ocrx_word' id='word_1_57' title='bbox 661 1087 722 1149; x_wconf 80' lang='lat' dir='ltr'><strong>sive</strong></span> <span class='ocrx_word' id='word_1_58' title='bbox 734 1085 973 1150; x_wconf 78' lang='lat' dir='ltr'><strong>canonicussive</strong></span> <span class='ocrx_word' id='word_1_59' title='bbox 1000 1085 1129 1166; x_wconf 78' lang='lat' dir='ltr'>dignitas</span> <span class='ocrx_word' id='word_1_60' title='bbox 1148 1086 1178 1147; x_wconf 92' lang='lat' dir='ltr'><strong>in</strong></span> <span class='ocrx_word' id='word_1_61' title='bbox 1197 1087 1388 1167; x_wconf 83' lang='lat' dir='ltr'><strong>processione</strong></span> 
     </span>
     <span class='ocr_line' id='line_1_8' title="bbox 233 1180 1387 1266; baseline 0.005 -25"><span class='ocrx_word' id='word_1_62' title='bbox 233 1180 374 1262; x_wconf 86' lang='lat' dir='ltr'><strong>Corporis</strong></span> <span class='ocrx_word' id='word_1_63' title='bbox 386 1184 494 1246; x_wconf 79' lang='lat' dir='ltr'>Christi</span> <span class='ocrx_word' id='word_1_64' title='bbox 508 1184 632 1247; x_wconf 88' lang='lat' dir='ltr'><strong>mitram</strong></span> <span class='ocrx_word' id='word_1_65' title='bbox 650 1185 792 1266; x_wconf 90' lang='lat' dir='ltr'><strong>incapite</strong></span> <span class='ocrx_word' id='word_1_66' title='bbox 812 1191 949 1265; x_wconf 81' lang='lat' dir='ltr'><strong>gestare,</strong></span> <span class='ocrx_word' id='word_1_67' title='bbox 963 1189 1015 1246; x_wconf 88' lang='lat' dir='ltr'><strong>aut</strong></span> <span class='ocrx_word' id='word_1_68' title='bbox 1030 1183 1121 1245; x_wconf 86' lang='lat' dir='ltr'><strong>mitra</strong></span> <span class='ocrx_word' id='word_1_69' title='bbox 1135 1183 1166 1244; x_wconf 92' lang='lat' dir='ltr'><strong>in</strong></span> <span class='ocrx_word' id='word_1_70' title='bbox 1187 1183 1252 1248; x_wconf 90' lang='lat' dir='ltr'><strong>aliis</strong></span> <span class='ocrx_word' id='word_1_71' title='bbox 1263 1191 1387 1264; x_wconf 84' lang='lat' dir='ltr'><strong>pretor-</strong></span> 
     </span>
    </p>
   </div>
   <div class='ocr_carea' id='block_1_3' title="bbox 232 1278 1480 1362">
    <p class='ocr_par' dir='ltr' id='par_1_3' title="bbox 232 1278 1480 1362">
     <span class='ocr_line' id='line_1_9' title="bbox 232 1278 1480 1362; baseline 0.006 -23"><span class='ocrx_word' id='word_1_72' title='bbox 232 1296 327 1358; x_wconf 89' lang='lat' dir='ltr'><strong>quam</strong></span> <span class='ocrx_word' id='word_1_73' title='bbox 345 1281 376 1342; x_wconf 92' lang='lat' dir='ltr'><strong>in</strong></span> <span class='ocrx_word' id='word_1_74' title='bbox 399 1281 579 1361; x_wconf 89' lang='lat' dir='ltr'><strong>supradictis</strong></span> <span class='ocrx_word' id='word_1_75' title='bbox 601 1281 805 1362; x_wconf 82' lang='lat' dir='ltr'><strong>collegialibus</strong></span> <span class='ocrx_word' id='word_1_76' title='bbox 831 1280 1036 1344; x_wconf 83' lang='lat' dir='ltr'><strong>lunationibus</strong></span> <span class='ocrx_word' id='word_1_77' title='bbox 1054 1280 1098 1342; x_wconf 91' lang='lat' dir='ltr'><strong>uti</strong></span> <span class='ocrx_word' id='word_1_78' title='bbox 1120 1301 1255 1362; x_wconf 89' lang='lat' dir='ltr'><strong>unquam</strong></span> <span class='ocrx_word' id='word_1_79' title='bbox 1277 1278 1384 1346; x_wconf 82' lang='lat' dir='ltr'><strong>valeat.</strong></span> <span class='ocrx_word' id='word_1_80' title='bbox 1478 1300 1480 1305; x_wconf 77' lang='grc'>’</span> 
     </span>
    </p>
   </div>
   <div class='ocr_carea' id='block_1_4' title="bbox 179 1372 1387 2127">
    <p class='ocr_par' dir='ltr' id='par_1_4' title="bbox 179 1372 1387 2127">
     <span class='ocr_line' id='line_1_10' title="bbox 234 1372 1387 1462; baseline 0.005 -24"><span class='ocrx_word' id='word_1_81' title='bbox 234 1380 359 1460; x_wconf 82' lang='lat' dir='ltr'>Insuper</span> <span class='ocrx_word' id='word_1_82' title='bbox 384 1379 470 1442; x_wconf 80' lang='lat' dir='ltr'><strong>vobis</strong></span> <span class='ocrx_word' id='word_1_83' title='bbox 490 1372 614 1461; x_wconf 76' lang='lat' dir='ltr'><strong>singulis</strong></span> <span class='ocrx_word' id='word_1_84' title='bbox 639 1385 838 1460; x_wconf 82' lang='lat' dir='ltr'><strong>vestrumque</strong></span> <span class='ocrx_word' id='word_1_85' title='bbox 875 1379 1120 1456; x_wconf 80' lang='lat' dir='ltr'><strong>successoribus,</strong></span> <span class='ocrx_word' id='word_1_86' title='bbox 1143 1385 1178 1441; x_wconf 90' lang='lat' dir='ltr'><strong>ut</strong></span> <span class='ocrx_word' id='word_1_87' title='bbox 1204 1380 1387 1462; x_wconf 86' lang='lat' dir='ltr'><strong>inpropriis</strong></span> 
     </span>
     <span class='ocr_line' id='line_1_11' title="bbox 232 1474 1384 1559; baseline 0.003 -22"><span class='ocrx_word' id='word_1_88' title='bbox 232 1475 323 1538; x_wconf 87' lang='lat' dir='ltr'><strong>armis</strong></span> <span class='ocrx_word' id='word_1_89' title='bbox 339 1481 370 1538; x_wconf 86' lang='lat' dir='ltr'><strong>et</strong></span> <span class='ocrx_word' id='word_1_90' title='bbox 385 1476 520 1558; x_wconf 83' lang='lat' dir='ltr'><strong>insigniis</strong></span> <span class='ocrx_word' id='word_1_91' title='bbox 541 1478 664 1540; x_wconf 89' lang='lat' dir='ltr'><strong>rnitram</strong></span> <span class='ocrx_word' id='word_1_92' title='bbox 677 1477 740 1539; x_wconf 89' lang='lat' dir='ltr'><strong>sine</strong></span> <span class='ocrx_word' id='word_1_93' title='bbox 750 1477 832 1559; x_wconf 91' lang='lat' dir='ltr'><strong>pileo</strong></span> <span class='ocrx_word' id='word_1_94' title='bbox 851 1477 961 1557; x_wconf 89' lang='lat' dir='ltr'><strong>apponi</strong></span> <span class='ocrx_word' id='word_1_95' title='bbox 976 1474 1075 1538; x_wconf 88' lang='lat' dir='ltr'><strong>lacere</strong></span> <span class='ocrx_word' id='word_1_96' title='bbox 1094 1482 1127 1538; x_wconf 89' lang='lat' dir='ltr'><strong>et</strong></span> <span class='ocrx_word' id='word_1_97' title='bbox 1139 1474 1250 1541; x_wconf 77' lang='lat' dir='ltr'>addere</span> <span class='ocrx_word' id='word_1_98' title='bbox 1264 1479 1384 1558; x_wconf 84' lang='lat' dir='ltr'><strong>possitis</strong></span> 
     </span>
     <span class='ocr_line' id='line_1_12' title="bbox 184 1570 1381 1657; baseline -0.001 -19"><span class='ocrx_word' id='word_1_99' title='bbox 184 1629 188 1638; x_wconf 94' lang='lat'><em>.</em></span> <span class='ocrx_word' id='word_1_100' title='bbox 229 1570 383 1636; x_wconf 79' lang='lat' dir='ltr'><strong>licentiam</strong></span> <span class='ocrx_word' id='word_1_101' title='bbox 396 1575 596 1657; x_wconf 75' lang='lat' dir='ltr'><strong>impertimur.</strong></span> <span class='ocrx_word' id='word_1_102' title='bbox 611 1575 678 1638; x_wconf 86' lang='lat' dir='ltr'><strong>Non</strong></span> <span class='ocrx_word' id='word_1_103' title='bbox 699 1575 890 1637; x_wconf 78' lang='lat' dir='ltr'><strong>obstantibus</strong></span> <span class='ocrx_word' id='word_1_104' title='bbox 903 1573 1059 1655; x_wconf 85' lang='lat' dir='ltr'><strong>quibusvis</strong></span> <span class='ocrx_word' id='word_1_105' title='bbox 1073 1572 1339 1640; x_wconf 83' lang='lat' dir='ltr'><strong>constitutionibus</strong></span> <span class='ocrx_word' id='word_1_106' title='bbox 1348 1584 1381 1637; x_wconf 93' lang='lat' dir='ltr'><strong>ct</strong></span> 
     </span>
     <span class='ocr_line' id='line_1_13' title="bbox 228 1666 1383 1754; baseline 0.004 -23"><span class='ocrx_word' id='word_1_107' title='bbox 228 1666 469 1734; x_wconf 61' lang='lat' dir='ltr'><strong>ordinationibus</strong></span> <span class='ocrx_word' id='word_1_108' title='bbox 484 1672 666 1754; x_wconf 85' lang='lat' dir='ltr'><strong>apostolicis,</strong></span> <span class='ocrx_word' id='word_1_109' title='bbox 682 1673 847 1754; x_wconf 84' lang='lat' dir='ltr'><strong>ceterisque</strong></span> <span class='ocrx_word' id='word_1_110' title='bbox 860 1673 1018 1734; x_wconf 87' lang='lat' dir='ltr'><strong>contrariis</strong></span> <span class='ocrx_word' id='word_1_111' title='bbox 1025 1671 1278 1754; x_wconf 85' lang='lat' dir='ltr'><strong>quibuscumque.</strong></span> <span class='ocrx_word' id='word_1_112' title='bbox 1292 1677 1337 1735; x_wconf 84' lang='lat' dir='ltr'><strong>Ac</strong></span> <span class='ocrx_word' id='word_1_113' title='bbox 1355 1676 1383 1736; x_wconf 89' lang='lat' dir='ltr'><strong>in</strong></span> 
     </span>
     <span class='ocr_line' id='line_1_14' title="bbox 227 1764 1385 1853; baseline 0.004 -23"><span class='ocrx_word' id='word_1_114' title='bbox 227 1764 351 1832; x_wconf 84' lang='lat' dir='ltr'><strong>uberius</strong></span> <span class='ocrx_word' id='word_1_115' title='bbox 364 1774 498 1852; x_wconf 82' lang='lat' dir='ltr'><strong>patetnae</strong></span> <span class='ocrx_word' id='word_1_116' title='bbox 511 1766 728 1835; x_wconf 82' lang='lat' dir='ltr'><strong>benevolentiae</strong></span> <span class='ocrx_word' id='word_1_117' title='bbox 743 1776 955 1852; x_wconf 83' lang='lat' dir='ltr'><strong>argumentum</strong></span> <span class='ocrx_word' id='word_1_118' title='bbox 970 1771 1068 1849; x_wconf 87' lang='lat' dir='ltr'><strong>vobis,</strong></span> <span class='ocrx_word' id='word_1_119' title='bbox 1082 1770 1184 1832; x_wconf 88' lang='lat' dir='ltr'><strong>dilecti</strong></span> <span class='ocrx_word' id='word_1_120' title='bbox 1208 1771 1262 1839; x_wconf 82' lang='lat' dir='ltr'><strong>tilii</strong></span> <span class='ocrx_word' id='word_1_121' title='bbox 1275 1817 1284 1850; x_wconf 89' lang='lat'><strong><em>,</em></strong></span> <span class='ocrx_word' id='word_1_122' title='bbox 1299 1790 1385 1853; x_wconf 89' lang='lat' dir='ltr'><strong>apos-</strong></span> 
     </span>
     <span class='ocr_line' id='line_1_15' title="bbox 225 1857 1384 1952; baseline 0.002 -23"><span class='ocrx_word' id='word_1_123' title='bbox 225 1861 352 1931; x_wconf 90' lang='lat' dir='ltr'><strong>tolicam</strong></span> <span class='ocrx_word' id='word_1_124' title='bbox 365 1857 606 1932; x_wconf 84' lang='lat' dir='ltr'><strong>benedictionem</strong></span> <span class='ocrx_word' id='word_1_125' title='bbox 617 1874 810 1952; x_wconf 81' lang='lat' dir='ltr'><strong>peramanter</strong></span> <span class='ocrx_word' id='word_1_126' title='bbox 820 1867 1021 1950; x_wconf 87' lang='lat' dir='ltr'><strong>impertimur.</strong></span> <span class='ocrx_word' id='word_1_127' title='bbox 1035 1871 1161 1938; x_wconf 76' lang='lat' dir='ltr'><strong>Datum,</strong></span> <span class='ocrx_word' id='word_1_128' title='bbox 1170 1873 1205 1929; x_wconf 74' lang='lat' dir='ltr'><strong>ta</strong></span> <span class='ocrx_word' id='word_1_129' title='bbox 1214 1871 1293 1930; x_wconf 76' lang='lat' dir='ltr'><strong>Asea</strong></span> <span class='ocrx_word' id='word_1_130' title='bbox 1305 1872 1384 1931; x_wconf 75' lang='lat' dir='ltr'><strong>Gaa-</strong></span> 
     </span>
     <span class='ocr_line' id='line_1_16' title="bbox 179 1949 1384 2048; baseline 0.002 -22"><span class='ocrx_word' id='word_1_131' title='bbox 179 1949 182 1956; x_wconf 78' lang='grc'>’</span> <span class='ocrx_word' id='word_1_132' title='bbox 225 1963 336 2043; x_wconf 79' lang='lat' dir='ltr'><strong>datptt</strong></span> <span class='ocrx_word' id='word_1_133' title='bbox 351 1963 526 2028; x_wconf 75' lang='lat' dir='ltr'><strong>libanensis</strong></span> <span class='ocrx_word' id='word_1_134' title='bbox 541 1966 693 2037; x_wconf 82' lang='lat' dir='ltr'><strong>Dtoecerts,</strong></span> <span class='ocrx_word' id='word_1_135' title='bbox 711 1964 761 2026; x_wconf 83' lang='lat' dir='ltr'><strong>otte</strong></span> <span class='ocrx_word' id='word_1_136' title='bbox 781 1975 817 2025; x_wconf 82' lang='lat' dir='ltr'><strong>ro</strong></span> <span class='ocrx_word' id='word_1_137' title='bbox 838 1964 964 2026; x_wconf 73' lang='lat' dir='ltr'><strong>octotru</strong></span> <span class='ocrx_word' id='word_1_138' title='bbox 981 1970 1070 2038; x_wconf 80' lang='lat' dir='ltr'><strong>tttt,</strong></span> <span class='ocrx_word' id='word_1_139' title='bbox 1079 1969 1271 2048; x_wconf 63' lang='lat' dir='ltr'><strong>pontificatus</strong></span> <span class='ocrx_word' id='word_1_140' title='bbox 1286 1975 1384 2030; x_wconf 72' lang='lat' dir='ltr'><strong>costra·</strong></span> 
     </span>
     <span class='ocr_line' id='line_1_17' title="bbox 206 2066 419 2127; baseline -0.009 -1"><span class='ocrx_word' id='word_1_141' title='bbox 206 2078 308 2126; x_wconf 56' lang='lat' dir='ltr'><strong>nnuc</strong></span> <span class='ocrx_word' id='word_1_142' title='bbox 320 2066 419 2127; x_wconf 78' lang='lat' dir='ltr'><strong>tertie.</strong></span> 
     </span>
    </p>
   </div>
   <div class='ocr_carea' id='block_1_5' title="bbox 700 2166 898 2196">
    <p class='ocr_par' dir='ltr' id='par_1_5' title="bbox 700 2166 898 2196">
     <span class='ocr_line' id='line_1_18' title="bbox 700 2166 898 2196; baseline 0.005 -16"><span class='ocrx_word' id='word_1_143' title='bbox 700 2166 898 2196; x_wconf 46' lang='grc' dir='ltr'><strong>ἰι-ιω</strong></span> 
     </span>
    </p>
   </div>
   <div class='ocr_carea' id='block_1_6' title="bbox 734 2308 875 2378">
    <p class='ocr_par' dir='ltr' id='par_1_6' title="bbox 734 2308 875 2378">
     <span class='ocr_line' id='line_1_19' title="bbox 734 2308 875 2378; baseline 0 0"><span class='ocrx_word' id='word_1_144' title='bbox 734 2308 875 2378; x_wconf 83' lang='lat' dir='ltr'><strong>CLXIV.</strong></span> 
     </span>
    </p>
   </div>
   <div class='ocr_carea' id='block_1_7' title="bbox 445 2466 1215 2650">
    <p class='ocr_par' dir='ltr' id='par_1_7' title="bbox 445 2466 1215 2650">
     <span class='ocr_line' id='line_1_20' title="bbox 563 2466 1043 2516; baseline 0 -2"><span class='ocrx_word' id='word_1_145' title='bbox 563 2466 698 2516; x_wconf 74' lang='lat' dir='ltr'><strong>oraturo</strong></span> <span class='ocrx_word' id='word_1_146' title='bbox 721 2468 803 2515; x_wconf 77' lang='lat' dir='ltr'><strong>arato</strong></span> <span class='ocrx_word' id='word_1_147' title='bbox 824 2468 939 2515; x_wconf 77' lang='lat' dir='ltr'><strong>nonita</strong></span> <span class='ocrx_word' id='word_1_148' title='bbox 962 2470 1043 2514; x_wconf 80' lang='lat' dir='ltr'><strong>vino</strong></span> 
     </span>
     <span class='ocr_line' id='line_1_21' title="bbox 445 2583 1215 2650; baseline -0.001 -2"><span class='ocrx_word' id='word_1_149' title='bbox 445 2589 607 2650; x_wconf 72' lang='lat' dir='ltr'><strong>totum</strong></span> <span class='ocrx_word' id='word_1_150' title='bbox 635 2588 836 2649; x_wconf 85' lang='lat' dir='ltr'><strong>PRINCIPI</strong></span> <span class='ocrx_word' id='word_1_151' title='bbox 865 2583 1152 2649; x_wconf 82' lang='lat' dir='ltr'><strong>LAMBERTINO</strong></span> <span class='ocrx_word' id='word_1_152' title='bbox 1213 2587 1215 2592; x_wconf 70' lang='grc'>’</span> 
     </span>
    </p>
   </div>
   <div class='ocr_carea' id='block_1_8' title="bbox 535 2720 1065 2799">
    <p class='ocr_par' dir='ltr' id='par_1_8' title="bbox 535 2720 1065 2799">
     <span class='ocr_line' id='line_1_22' title="bbox 535 2720 1065 2799; baseline 0 -3"><span class='ocrx_word' id='word_1_153' title='bbox 535 2721 773 2799; x_wconf 81' lang='lat' dir='ltr'><strong>CLEMENS</strong></span> <span class='ocrx_word' id='word_1_154' title='bbox 801 2722 931 2798; x_wconf 84' lang='lat' dir='ltr'><strong>PAPA</strong></span> <span class='ocrx_word' id='word_1_155' title='bbox 958 2720 1065 2797; x_wconf 79' lang='lat' dir='ltr'>XIV.</span> 
     </span>
    </p>
   </div>
   <div class='ocr_carea' id='block_1_9' title="bbox 933 2883 1298 2948">
    <p class='ocr_par' dir='ltr' id='par_1_9' title="bbox 933 2883 1298 2948">
     <span class='ocr_line' id='line_1_23' title="bbox 933 2883 1298 2948; baseline -0.011 -10"><span class='ocrx_word' id='word_1_156' title='bbox 933 2891 1032 2948; x_wconf 75' lang='lat' dir='ltr'><strong>Rodia,</strong></span> <span class='ocrx_word' id='word_1_157' title='bbox 1046 2892 1061 2936; x_wconf 81' lang='grc'><strong>9</strong></span> <span class='ocrx_word' id='word_1_158' title='bbox 1075 2883 1213 2935; x_wconf 79' lang='lat' dir='ltr'><strong>novembris</strong></span> <span class='ocrx_word' id='word_1_159' title='bbox 1230 2886 1298 2936; x_wconf 80' lang='grc'><strong>1771.</strong></span> 
     </span>
    </p>
   </div>
   <div class='ocr_carea' id='block_1_10' title="bbox 185 2996 1406 4258">
    <p class='ocr_par' dir='ltr' id='par_1_10' title="bbox 185 2996 1406 4258">
     <span class='ocr_line' id='line_1_24' title="bbox 185 2996 1378 3092; baseline -0.002 -30"><span class='ocrx_word' id='word_1_160' title='bbox 185 2999 187 3002; x_wconf 78' lang='grc'><strong>’</strong></span> <span class='ocrx_word' id='word_1_161' title='bbox 267 3000 405 3074; x_wconf 75' lang='lat' dir='ltr'><strong>Dilecta,</strong></span> <span class='ocrx_word' id='word_1_162' title='bbox 424 3008 483 3063; x_wconf 85' lang='lat' dir='ltr'><strong>etc.</strong></span> <span class='ocrx_word' id='word_1_163' title='bbox 506 2996 694 3064; x_wconf 82' lang='lat' dir='ltr'><strong>Etdolorom</strong></span> <span class='ocrx_word' id='word_1_164' title='bbox 714 3007 821 3079; x_wconf 83' lang='lat' dir='ltr'><strong>tuum,</strong></span> <span class='ocrx_word' id='word_1_165' title='bbox 846 3008 876 3063; x_wconf 92' lang='lat' dir='ltr'><strong>et</strong></span> <span class='ocrx_word' id='word_1_166' title='bbox 890 3000 1027 3092; x_wconf 72' lang='lat' dir='ltr'><strong>eiusdem</strong></span> <span class='ocrx_word' id='word_1_167' title='bbox 1049 3018 1190 3078; x_wconf 74' lang='lat' dir='ltr'><strong>causam,</strong></span> <span class='ocrx_word' id='word_1_168' title='bbox 1207 3017 1300 3082; x_wconf 83' lang='lat' dir='ltr'><strong>quarn</strong></span> <span class='ocrx_word' id='word_1_169' title='bbox 1317 3000 1378 3061; x_wconf 87' lang='lat' dir='ltr'><strong>tuis</strong></span> 
     </span>
     <span class='ocr_line' id='line_1_25' title="bbox 223 3096 1378 3192; baseline 0.001 -33"><span class='ocrx_word' id='word_1_170' title='bbox 223 3097 315 3192; x_wconf 73' lang='lat' dir='ltr'><strong>poblo</strong></span> <span class='ocrx_word' id='word_1_171' title='bbox 327 3097 434 3159; x_wconf 76' lang='lat' dir='ltr'><strong>fitteris</strong></span> <span class='ocrx_word' id='word_1_172' title='bbox 446 3097 610 3178; x_wconf 80' lang='lat' dir='ltr'><strong>significas,</strong></span> <span class='ocrx_word' id='word_1_173' title='bbox 621 3099 804 3180; x_wconf 86' lang='lat' dir='ltr'><strong>permoleste</strong></span> <span class='ocrx_word' id='word_1_174' title='bbox 818 3097 954 3176; x_wconf 84' lang='lat' dir='ltr'><strong>tulimus,</strong></span> <span class='ocrx_word' id='word_1_175' title='bbox 969 3114 1006 3160; x_wconf 77' lang='lat' dir='ltr'><strong>ac</strong></span> <span class='ocrx_word' id='word_1_176' title='bbox 1024 3096 1154 3159; x_wconf 88' lang='lat' dir='ltr'><strong>intanto</strong></span> <span class='ocrx_word' id='word_1_177' title='bbox 1168 3101 1221 3158; x_wconf 92' lang='lat' dir='ltr'><strong>tuo</strong></span> <span class='ocrx_word' id='word_1_178' title='bbox 1234 3097 1335 3174; x_wconf 83' lang='lat' dir='ltr'><strong>luctu,</strong></span> <span class='ocrx_word' id='word_1_179' title='bbox 1347 3105 1378 3161; x_wconf 84' lang='lat' dir='ltr'><strong>ct</strong></span> 
     </span>
     <span class='ocr_line' id='line_1_26' title="bbox 224 3193 1375 3278; baseline 0.003 -22"><span class='ocrx_word' id='word_1_180' title='bbox 224 3194 331 3276; x_wconf 87' lang='lat' dir='ltr'><strong>optimi</strong></span> <span class='ocrx_word' id='word_1_181' title='bbox 345 3195 479 3276; x_wconf 86' lang='lat' dir='ltr'><strong>parentis</strong></span> <span class='ocrx_word' id='word_1_182' title='bbox 491 3195 642 3259; x_wconf 85' lang='lat' dir='ltr'><strong>desiderio</strong></span> <span class='ocrx_word' id='word_1_183' title='bbox 656 3196 891 3278; x_wconf 87' lang='lat' dir='ltr'><strong>animumplano</strong></span> <span class='ocrx_word' id='word_1_184' title='bbox 904 3214 977 3278; x_wconf 75' lang='lat' dir='ltr'><strong>erga</strong></span> <span class='ocrx_word' id='word_1_185' title='bbox 988 3200 1018 3258; x_wconf 87' lang='lat' dir='ltr'><strong>te</strong></span> <span class='ocrx_word' id='word_1_186' title='bbox 1032 3201 1176 3276; x_wconf 80' lang='lat' dir='ltr'><strong>tuamque</strong></span> <span class='ocrx_word' id='word_1_187' title='bbox 1189 3193 1315 3275; x_wconf 84' lang='lat' dir='ltr'><strong>domum</strong></span> <span class='ocrx_word' id='word_1_188' title='bbox 1329 3213 1375 3261; x_wconf 60' lang='lat' dir='ltr'><strong>sa„</strong></span> 
     </span>
     <span class='ocr_line' id='line_1_27' title="bbox 218 3286 1406 3376; baseline -0.005 -16"><span class='ocrx_word' id='word_1_189' title='bbox 218 3309 320 3360; x_wconf 72' lang='lat' dir='ltr'><strong>mm.</strong></span> <span class='ocrx_word' id='word_1_190' title='bbox 332 3293 486 3358; x_wconf 71' lang='lat' dir='ltr'><strong>Benedicti</strong></span> <span class='ocrx_word' id='word_1_191' title='bbox 500 3295 568 3357; x_wconf 78' lang='lat' dir='ltr'><strong>xiv</strong></span> <span class='ocrx_word' id='word_1_192' title='bbox 577 3295 805 3376; x_wconf 78' lang='lat' dir='ltr'><strong>predecessoris</strong></span> <span class='ocrx_word' id='word_1_193' title='bbox 819 3293 913 3356; x_wconf 84' lang='lat' dir='ltr'><strong>nostri</strong></span> <span class='ocrx_word' id='word_1_194' title='bbox 924 3292 1026 3374; x_wconf 79' lang='lat' dir='ltr'><strong>magni</strong></span> <span class='ocrx_word' id='word_1_195' title='bbox 1036 3292 1080 3354; x_wconf 87' lang='lat' dir='ltr'><strong>tui</strong></span> <span class='ocrx_word' id='word_1_196' title='bbox 1094 3286 1195 3373; x_wconf 90' lang='lat' dir='ltr'><strong>patrui</strong></span> <span class='ocrx_word' id='word_1_197' title='bbox 1209 3291 1376 3369; x_wconf 80' lang='lat' dir='ltr'><strong>induimus,</strong></span> <span class='ocrx_word' id='word_1_198' title='bbox 1403 3293 1406 3299; x_wconf 82' lang='grc'><strong>’</strong></span> 
     </span>
     <span class='ocr_line' id='line_1_28' title="bbox 227 3389 1377 3474; baseline -0.004 -19"><span class='ocrx_word' id='word_1_199' title='bbox 227 3393 430 3474; x_wconf 74' lang='lat' dir='ltr'><strong>similemque,</strong></span> <span class='ocrx_word' id='word_1_200' title='bbox 443 3411 504 3474; x_wconf 88' lang='lat' dir='ltr'><strong>quo</strong></span> <span class='ocrx_word' id='word_1_201' title='bbox 516 3393 566 3455; x_wconf 91' lang='lat' dir='ltr'><strong>ille</strong></span> <span class='ocrx_word' id='word_1_202' title='bbox 577 3392 818 3457; x_wconf 85' lang='lat' dir='ltr'><strong>allectusluisset</strong></span> <span class='ocrx_word' id='word_1_203' title='bbox 831 3390 1206 3472; x_wconf 84' lang='lat' dir='ltr'><strong>nunosensuexperirirur.·</strong></span> <span class='ocrx_word' id='word_1_204' title='bbox 1216 3392 1295 3452; x_wconf 86' lang='lat' dir='ltr'><strong>Dum</strong></span> <span class='ocrx_word' id='word_1_205' title='bbox 1315 3389 1377 3451; x_wconf 63' lang='lat' dir='ltr'><strong>ita·</strong></span> 
     </span>
     <span class='ocr_line' id='line_1_29' title="bbox 217 3485 1375 3572; baseline -0.006 -20"><span class='ocrx_word' id='word_1_206' title='bbox 217 3506 282 3572; x_wconf 75' lang='lat' dir='ltr'><strong>qtae</strong></span> <span class='ocrx_word' id='word_1_207' title='bbox 296 3490 695 3554; x_wconf 80' lang='lat' dir='ltr'><strong>commendamusdetunoti</strong></span> <span class='ocrx_word' id='word_1_208' title='bbox 707 3490 844 3552; x_wconf 77' lang='lat' dir='ltr'><strong>animam</strong></span> <span class='ocrx_word' id='word_1_209' title='bbox 853 3488 975 3550; x_wconf 74' lang='lat' dir='ltr'><strong>Christo</strong></span> <span class='ocrx_word' id='word_1_210' title='bbox 986 3487 1127 3565; x_wconf 85' lang='lat' dir='ltr'><strong>Domino,</strong></span> <span class='ocrx_word' id='word_1_211' title='bbox 1140 3504 1201 3548; x_wconf 90' lang='lat' dir='ltr'><strong>una</strong></span> <span class='ocrx_word' id='word_1_212' title='bbox 1214 3485 1375 3547; x_wconf 84' lang='lat' dir='ltr'><strong>vehemen-</strong></span> 
     </span>
     <span class='ocr_line' id='line_1_30' title="bbox 217 3579 1371 3668; baseline -0.009 -18"><span class='ocrx_word' id='word_1_213' title='bbox 217 3597 300 3650; x_wconf 83' lang='lat' dir='ltr'><strong>tera</strong></span> <span class='ocrx_word' id='word_1_214' title='bbox 319 3594 350 3650; x_wconf 90' lang='lat' dir='ltr'><strong>ta</strong></span> <span class='ocrx_word' id='word_1_215' title='bbox 368 3588 525 3668; x_wconf 62' lang='lat' dir='ltr'><strong>nummus,</strong></span> <span class='ocrx_word' id='word_1_216' title='bbox 543 3587 653 3650; x_wconf 83' lang='lat' dir='ltr'><strong>dilecte</strong></span> <span class='ocrx_word' id='word_1_217' title='bbox 674 3586 718 3650; x_wconf 86' lang='lat' dir='ltr'><strong>tili</strong></span> <span class='ocrx_word' id='word_1_218' title='bbox 735 3584 845 3649; x_wconf 90' lang='lat' dir='ltr'><strong>nobilis</strong></span> <span class='ocrx_word' id='word_1_219' title='bbox 866 3585 923 3662; x_wconf 87' lang='lat' dir='ltr'><strong>vir,</strong></span> <span class='ocrx_word' id='word_1_220' title='bbox 938 3590 982 3653; x_wconf 63' lang='lat' dir='ltr'><strong>nt,</strong></span> <span class='ocrx_word' id='word_1_221' title='bbox 996 3583 1134 3645; x_wconf 89' lang='lat' dir='ltr'><strong>dolorem</strong></span> <span class='ocrx_word' id='word_1_222' title='bbox 1156 3588 1244 3643; x_wconf 89' lang='lat' dir='ltr'><strong>tuum</strong></span> <span class='ocrx_word' id='word_1_223' title='bbox 1263 3579 1371 3641; x_wconf 74' lang='lat' dir='ltr'><strong>divinar</strong></span> 
     </span>
     <span class='ocr_line' id='line_1_31' title="bbox 216 3676 1372 3767; baseline -0.009 -20"><span class='ocrx_word' id='word_1_224' title='bbox 216 3685 400 3764; x_wconf 69' lang='lat' dir='ltr'><strong>adnotatis,</strong></span> <span class='ocrx_word' id='word_1_225' title='bbox 413 3685 462 3747; x_wconf 89' lang='lat' dir='ltr'><strong>cui</strong></span> <span class='ocrx_word' id='word_1_226' title='bbox 475 3701 600 3766; x_wconf 86' lang='lat' dir='ltr'><strong>prorsus</strong></span> <span class='ocrx_word' id='word_1_227' title='bbox 615 3684 741 3766; x_wconf 82' lang='lat' dir='ltr'><strong>subjecti</strong></span> <span class='ocrx_word' id='word_1_228' title='bbox 752 3703 817 3746; x_wconf 87' lang='lat' dir='ltr'><strong>csso</strong></span> <span class='ocrx_word' id='word_1_229' title='bbox 833 3682 997 3758; x_wconf 86' lang='lat' dir='ltr'><strong>debemus,</strong></span> <span class='ocrx_word' id='word_1_230' title='bbox 1010 3698 1046 3742; x_wconf 90' lang='lat' dir='ltr'><strong>ac</strong></span> <span class='ocrx_word' id='word_1_231' title='bbox 1057 3697 1132 3759; x_wconf 80' lang='lat' dir='ltr'><strong>erga</strong></span> <span class='ocrx_word' id='word_1_232' title='bbox 1142 3677 1228 3767; x_wconf 91' lang='lat' dir='ltr'><strong>illum</strong></span> <span class='ocrx_word' id='word_1_233' title='bbox 1250 3676 1372 3739; x_wconf 88' lang='lat' dir='ltr'><strong>miseri-</strong></span> 
     </span>
     <span class='ocr_line' id='line_1_32' title="bbox 221 3774 1370 3862; baseline -0.007 -19"><span class='ocrx_word' id='word_1_234' title='bbox 221 3781 334 3843; x_wconf 69' lang='lat' dir='ltr'><strong>cordia</strong></span> <span class='ocrx_word' id='word_1_235' title='bbox 345 3781 531 3862; x_wconf 81' lang='lat' dir='ltr'><strong>cogitatione</strong></span> <span class='ocrx_word' id='word_1_236' title='bbox 544 3781 650 3843; x_wconf 69' lang='lat' dir='ltr'><strong>latias.</strong></span> <span class='ocrx_word' id='word_1_237' title='bbox 675 3781 709 3843; x_wconf 86' lang='lat' dir='ltr'><strong>ld</strong></span> <span class='ocrx_word' id='word_1_238' title='bbox 726 3797 799 3843; x_wconf 90' lang='lat' dir='ltr'><strong>vero</strong></span> <span class='ocrx_word' id='word_1_239' title='bbox 811 3779 962 3862; x_wconf 79' lang='lat' dir='ltr'><strong>precipue</strong></span> <span class='ocrx_word' id='word_1_240' title='bbox 986 3776 1040 3839; x_wconf 90' lang='lat' dir='ltr'><strong>tibi</strong></span> <span class='ocrx_word' id='word_1_241' title='bbox 1059 3775 1223 3856; x_wconf 81' lang='lat' dir='ltr'><strong>persuade,</strong></span> <span class='ocrx_word' id='word_1_242' title='bbox 1236 3774 1370 3837; x_wconf 80' lang='lat' dir='ltr'><strong>officium</strong></span> 
     </span>
     <span class='ocr_line' id='line_1_33' title="bbox 217 3864 1374 3959; baseline -0.01 -15"><span class='ocrx_word' id='word_1_243' title='bbox 217 3879 371 3957; x_wconf 73' lang='lat' dir='ltr'><strong>ejusmodi</strong></span> <span class='ocrx_word' id='word_1_244' title='bbox 382 3885 473 3941; x_wconf 67' lang='lat' dir='ltr'><strong>taran</strong></span> <span class='ocrx_word' id='word_1_245' title='bbox 485 3864 536 3940; x_wconf 68' lang='lat' dir='ltr'><strong>&#39;ita</strong></span> <span class='ocrx_word' id='word_1_246' title='bbox 550 3896 617 3941; x_wconf 84' lang='lat' dir='ltr'><strong>ease</strong></span> <span class='ocrx_word' id='word_1_247' title='bbox 628 3897 650 3940; x_wconf 88' lang='lat' dir='ltr'><strong>a</strong></span> <span class='ocrx_word' id='word_1_248' title='bbox 660 3879 753 3942; x_wconf 87' lang='lat' dir='ltr'><strong>Nobis</strong></span> <span class='ocrx_word' id='word_1_249' title='bbox 764 3884 944 3959; x_wconf 85' lang='lat' dir='ltr'><strong>exceptum,</strong></span> <span class='ocrx_word' id='word_1_250' title='bbox 960 3879 1162 3955; x_wconf 81' lang='lat' dir='ltr'><strong>atpaternam</strong></span> <span class='ocrx_word' id='word_1_251' title='bbox 1178 3871 1233 3934; x_wconf 85' lang='lat' dir='ltr'><strong>tibi</strong></span> <span class='ocrx_word' id='word_1_252' title='bbox 1244 3872 1374 3934; x_wconf 86' lang='lat' dir='ltr'><strong>benevo-</strong></span> 
     </span>
     <span class='ocr_line' id='line_1_34' title="bbox 222 3969 1372 4052; baseline -0.007 -14"><span class='ocrx_word' id='word_1_253' title='bbox 222 3976 347 4040; x_wconf 81' lang='lat' dir='ltr'><strong>lentiam</strong></span> <span class='ocrx_word' id='word_1_254' title='bbox 356 3993 440 4040; x_wconf 88' lang='lat' dir='ltr'><strong>nuno</strong></span> <span class='ocrx_word' id='word_1_255' title='bbox 449 3976 584 4038; x_wconf 79' lang='lat' dir='ltr'><strong>maxima</strong></span> <span class='ocrx_word' id='word_1_256' title='bbox 593 3975 776 4040; x_wconf 66' lang='lat' dir='ltr'><strong>domminus.</strong></span> <span class='ocrx_word' id='word_1_257' title='bbox 790 3979 835 4040; x_wconf 85' lang='lat' dir='ltr'><strong>Ao</strong></span> <span class='ocrx_word' id='word_1_258' title='bbox 847 3975 877 4038; x_wconf 92' lang='lat' dir='ltr'><strong>in</strong></span> <span class='ocrx_word' id='word_1_259' title='bbox 889 3973 1012 4037; x_wconf 88' lang='lat' dir='ltr'><strong>uberius</strong></span> <span class='ocrx_word' id='word_1_260' title='bbox 1020 3969 1156 4051; x_wconf 78' lang='lat' dir='ltr'><strong>ejusdem</strong></span> <span class='ocrx_word' id='word_1_261' title='bbox 1167 3969 1275 4052; x_wconf 82' lang='lat' dir='ltr'><strong>pignus</strong></span> <span class='ocrx_word' id='word_1_262' title='bbox 1285 3987 1372 4050; x_wconf 89' lang='lat' dir='ltr'><strong>apos-</strong></span> 
     </span>
     <span class='ocr_line' id='line_1_35' title="bbox 217 4068 1371 4154; baseline -0.009 -17"><span class='ocrx_word' id='word_1_263' title='bbox 217 4072 344 4137; x_wconf 72' lang='lat' dir='ltr'><strong>tolicum</strong></span> <span class='ocrx_word' id='word_1_264' title='bbox 355 4074 598 4137; x_wconf 61' lang='lat' dir='ltr'><strong>humionem</strong></span> <span class='ocrx_word' id='word_1_265' title='bbox 606 4073 763 4136; x_wconf 82' lang='lat' dir='ltr'><strong>Nobilitati</strong></span> <span class='ocrx_word' id='word_1_266' title='bbox 773 4080 832 4136; x_wconf 77' lang='lat' dir='ltr'><strong>tua</strong></span> <span class='ocrx_word' id='word_1_267' title='bbox 843 4076 1037 4154; x_wconf 80' lang='lat' dir='ltr'><strong>peramanter</strong></span> <span class='ocrx_word' id='word_1_268' title='bbox 1047 4068 1246 4151; x_wconf 83' lang='lat' dir='ltr'><strong>impertimur.</strong></span> <span class='ocrx_word' id='word_1_269' title='bbox 1259 4069 1371 4130; x_wconf 79' lang='lat' dir='ltr'><strong>Datum</strong></span> 
     </span>
     <span class='ocr_line' id='line_1_36' title="bbox 219 4168 1244 4258; baseline -0.011 -24"><span class='ocrx_word' id='word_1_270' title='bbox 219 4174 320 4234; x_wconf 72' lang='lat' dir='ltr'><strong>tiemo</strong></span> <span class='ocrx_word' id='word_1_271' title='bbox 330 4215 340 4246; x_wconf 90' lang='lat'>‚</span> <span class='ocrx_word' id='word_1_272' title='bbox 350 4173 430 4235; x_wconf 73' lang='lat' dir='ltr'><strong>dict</strong></span> <span class='ocrx_word' id='word_1_273' title='bbox 448 4170 618 4236; x_wconf 67' lang='lat' dir='ltr'><strong>motos</strong></span> <span class='ocrx_word' id='word_1_274' title='bbox 632 4178 705 4234; x_wconf 75' lang='lat' dir='ltr'><strong>atat</strong></span> <span class='ocrx_word' id='word_1_275' title='bbox 714 4215 723 4248; x_wconf 91' lang='lat'><strong><em>,</em></strong></span> <span class='ocrx_word' id='word_1_276' title='bbox 741 4172 937 4258; x_wconf 78' lang='lat' dir='ltr'><strong>pontificatur</strong></span> <span class='ocrx_word' id='word_1_277' title='bbox 948 4168 1244 4231; x_wconf 67' lang='lat' dir='ltr'><strong>munerabantur.</strong></span> 
     </span>
    </p>
   </div>
   <div class='ocr_carea' id='block_1_11' title="bbox 703 4344 884 4361">
    <p class='ocr_par' dir='ltr' id='par_1_11' title="bbox 703 4344 884 4361">
     <span class='ocr_line' id='line_1_37' title="bbox 703 4344 884 4361; baseline -0.006 -1"><span class='ocrx_word' id='word_1_278' title='bbox 703 4344 884 4361; x_wconf 51' lang='lat' dir='ltr'><strong>w-</strong></span> 
     </span>
    </p>
   </div>
   <div class='ocr_carea' id='block_1_12' title="bbox 0 0 1598 5414">
    <p class='ocr_par' dir='ltr' id='par_1_12' title="bbox 0 0 1598 5414">
     <span class='ocr_line' id='line_1_38' title="bbox 0 0 1598 5414; baseline 0 5"><span class='ocrx_word' id='word_1_279' title='bbox 0 0 1598 5414; x_wconf 95' lang='lat' dir='ltr'><strong> </strong></span> 
     </span>
    </p>
   </div>
  </div>
 </body>
</html>
