3188 5414
385 486 631 552 EPISTOLAEET
651 487 783 548 Batavis
800 487 1033 542 SELECTIORA.
1248 493 1282 545 at

139 589 249 658 simum
264 588 338 649 sacri
350 588 467 650 decoris
479 591 517 650 ad
529 590 806 652 eamcelebritatem
814 591 951 674 accedet,
962 599 991 652 et
1000 593 1061 652 Nos
1069 592 1125 672 ipsi
1133 592 1283 656 immensa

139 695 246 755 nostre
262 689 292 751 in
312 707 380 750 eam
401 677 660 769 paternaecaritati
680 689 878 769 obsequentes
896 689 1039 749 interesse
1053 688 1233 765 videbimur,
1249 710 1284 752 ac

139 769 412 854 dilectissimam‘in,
422 785 539 847 Christo
552 785 645 846 tiliam
659 791 794 846 nostram
809 784 847 845 ad
860 783 1042 846 castissimas
1053 784 1153 863 spousi
1165 784 1283 846 Domini

36 940 38 944 ,
137 885 263 965 nuptias.
278 890 490 965 properantem
504 885 641 954 comitari
661 883 886 965 quodammodo
903 903 939 944 ac
957 871 1116 945 deducere.
1135 883 1284 956 Eumdem

138 982 239 1062 itaque
252 982 293 1048 ad
303 982 334 1043 id
343 981 445 1062 ipsum¹
455 982 565 1043 nostris
577 982 608 1043 in
619 981 717 1043 forma
728 982 830 1044 Brevis
840 980 947 1041 litteris
959 979 1127 1060 specialiter
1138 979 1290 1062 deputare⁴

137 1081 338 1146 acdestinare
352 1081 517 1157 voluimus3
535 1080 618 1160 quod
630 1080 686 1141 etsi
704 1086 829 1159 gratum„
845 1079 916 1156 tibi,
939 1077 1097 1147 carissime
1116 1076 1147 1137 in
1168 1075 1284 1136 Christo

136 1178 179 1240 lili
195 1184 311 1256 noster,-
323 1187 541 1260 acceptumque
556 1178 620 1241 fore
634 1197 694 1253 non
706 1178 894 1250 dubitemus,
908 1186 1010 1238 tamen
1023 1181 1081 1237 ate
1092 1175 1284 1246 vehementer

136 1275 267 1356 petimus
285 1294 321 1338 ac
333 1295 500 1356 rogamus„
513 1283 546 1338 ut
556 1276 635 1339 hanc
645 1277 738 1338 etiam
752 1277 832 1338 ultro
848 1296 884 1339 ac
895 1277 1021 1338 libenter
1033 1275 1105 1337 velis
1119 1276 1285 1337 maximam

136 1379 226 1452 atque
245 1373 397 1452 egregiam
411 1372 450 1434 ad
470 1373 604 1435 laetitiam
624 1381 760 1435 nostram
774 1372 942 1452 augendam
960 1372 1107 1434 rationem
1128 1372 1281 1455 accedere.

134 1469 222 1547 Quod
234 1469 356 1549 quidem
370 1469 511 1531 libentius
527 1469 621 1544 iacies
629 1516 637 1549 ,
651 1470 675 1532 si
690 1470 744 1531 tibi
762 1470 963 1552 persuaseris,
984 1468 1130 1550 quidquid
1151 1467 1239 1529 idest
1253 1469 1284 1529 in

134 1552 226 1629 Nobis
236 1566 435 1644 jucunditatis
448 1585 484 1628 ac
497 1567 614 1646 gaudii,
631 1585 669 1629 ex
679 1586 798 1629 summo
811 1566 861 1629 illo
876 1573 966 1646 atque
975 1565 1160 1650 incredibili,
1179 1565 1283 1645 quoin

133 1664 320 1741 Maiestatem
329 1666 426 1725 Tuam
436 1669 591 1744 totamque
603 1664 858 1744 regiamDomum
870 1681 990 1744 sumus,
1006 1661 1105 1723 studio
1116 1667 1146 1722 et
1159 1661 1284 1722 caritate

132 1746 294 1840 proficisci,
306 1759 1119 1845 Incujuspignusdivinarumbenedictionumomnium
1130 1757 1284 1839 auspicem

134 1857 332 1936 apostolicam
342 1856 580 1935 benedictionem
590 1859 688 1938 Regiae
698 1857 847 1936 Majestati
856 1860 937 1935 Tuae,
950 1857 1069 1938 tuisque
1078 1857 1179 1918 liberis
1188 1856 1284 1917 omni-

134 1953 193 2014 bus
203 1972 239 2015 ac
250 1954 593 2035 praesertimoommunis
609 1940 700 2033 hujus
709 1962 817 2016 nostre
823 1956 1021 2039 jucunditatis
1030 1955 1169 2040 ductrici
1177 1955 1282 2017 intimo

132 2052 249 2133 paterni
273 2051 484 2127 cordismnsn
499 2052 703 2132 amantissime
725 2053 925 2134 impertimur.
947 2054 1281 2125 Besantionem„

133 2153 234 2225 diets
237 2152 318 2228 jetta·
333 2163 427 2230 1770,
442 2155 635 2230 pontificatus
645 2156 739 2214 nostri
750 2171 831 2214 oneo
842 2153 981 2216 secondo.

559 2413 561 2418 ·
614 2379 793 2447 lxxxix.

136 2590 140 2605 '
207 2587 208 2591 Ἰ
537 2536 728 2578 vadensium
752 2532 865 2578 enardi

182 2703 187 2713 ,
240 2641 538 2714 7,ΒΕΒΝΑΒΜΝΟ
552 2612 857 2704 aasumrrsooro
878 2643 1130 2717 namucno,
1235 2715 1239 2721 ὁ

129 2767 312 2816 NOSTRUM*
328 2768 529 2816 APOSTOLIGAE
545 2768 630 2815 sums
645 2768 688 2814 ab
708 2766 1007 2815 cualsslaulsslmum
1023 2769 1130 2816 REGEM
1147 2769 1279 2830 NUNTIO,
1360 2818 1362 2824 ,

439 2870 674 2948 CLEMENS
700 2870 830 2945 PAPA
857 2869 963 2945 XIV.

913 3021 1005 3080 Romae,
1021 3025 1048 3069 ts
1061 3020 1114 3081 julii
1130 3023 1198 3084 1770.

174 3120 376 3198 Venerabilis,
391 3135 448 3190 etc.-
466 3128 613 3205 certiores
626 3127 697 3191 tacti
722 3144 826 3190 sumus
837 3145 905 3195 eam
919 3145 988 3190 esse
998 3128 1029 3189 in
1043 3128 1277 3202 dilectissimam

128 3223 244 3289 Christo
256 3223 317 3286 filia
332 3230 435 3287 nostra
445 3225 568 3306 Aloysia
579 3225 778 3305 Merialtegia
787 3225 951 3288 Galliarum
960 3225 1146 3307 Principissa¹
1155 3227 1276 3301 ineundi

128 3320 270 3400 religiosa
283 3321 349 3384 vita
362 3329 466 3387 *status
487 3322 703 3404 cupiditatem,
724 3329 758 3385 ut
776 3323 890 3389 nullam
909 3323 1038 3404 amplius
1059 3342 1179 3386 moram
1199 3326 1278 3400 ferre

126 3417 219 3496 possit
234 3418 378 3507 induendi·
392 3438 511 3482 sacrum
525 3419 664 3500 habitum
677 3420 827 3501 virginum
839 3420 1068 3484 carmelitarum
1084 3423 1275 3500 excalceataf

125 3532 194 3574 rum
213 3516 386 3576 monasterii
401 3517 431 3577 S.
450 3517 602 3598 Dionysii,
617 3504 714 3596 neque
730 3517 760 3578 id
780 3525 938 3598 expectare
950 3524 1069 3598 tempus
1087 3518 1172 3596 velit,
1193 3520 1275 3600 quod

125 3610 255 3672 eundem
276 3611 412 3673 ordinem
434 3614 666 3692 ingredientium
687 3632 760 3675 usus
781 3616 932 3694 postulat,
956 3634 992 3676 ac
1009 3622 1170 3696 propterea
1192 3618 1274 3680 brevi

126 3707 207 3785 iore,
220 3715 253 3770 ut
267 3708 352 3769 illum
373 3728 390 3770 a
406 3717 436 3770 te
458 3711 495 3771 sit
510 3711 648 3773 habitum
655 3711 864 3790 ,Venerabilis
879 3714 994 3790 Frater,
1009 3713 1061 3792 qui
1072 3722 1175 3776 noster
1187 3714 1275 3780 isthic

124 3813 200 3867 eset
222 3796 392 3887 apostolicas
410 3806 494 3884 Sedis
514 3809 656 3886 nuncius,
671 3815 701 3870 et
714 3808 850 3886 ejusdem
872 3807 963 3869 etiam
984 3811 1175 3874 Carmelitani
1190 3812 1275 3874 ordi-

125 3904 171 3965 nis
190 3905 327 3986 superior
340 3906 547 3985 prouberiori.
560 3907 651 3968 animi
672 3908 717 3969 sui
740 3909 851 3989 pietate
868 3927 904 3969 ae
924 3908 1083 3974 devotione
1103 3919 1271 3993 receptura.

124 3999 238 4072 Quibus
252 4001 303 4063 illa
325 4001 415 4063 rebus
437 4002 595 4080 majorem,
605 4003 635 4065 iu
650 4003 776 4071 modruu
790 4001 949 4067 coufirmat
966 4005 1074 4083 Nobis,
1092 4025 1153 4086 quo
1168 4011 1274 4085 agatur

125 4099 262 4180 spiritus,
277 4121 396 4182 quaque
411 4101 521 4162 virtute
540 4111 584 4162 ac'
594 4101 739 4183 sapientia
761 4101 878 4163 imbuta
892 4103 941 4181 sit,
961 4102 1035 4165 dum
1051 4110 1113 4165 tam
1131 4102 1273 4166 festinan-

124 4205 181 4274 ter,
201 4204 263 4259 tam
281 4197 402 4279 cupide,
423 4206 486 4260 tam
506 4199 643 4262 alacriter
661 4200 768 4280 regalis
788 4201 880 4279 aula,
896 4201 999 4282 inqua
1016 4210 1088 4264 nata
1108 4209 1198 4282 atque
1212 4207 1272 4268 alta

122 4299 185 4371 est,
200 4292 405 4373 splendorem,
426 4311 499 4375 opes
517 4300 549 4356 et
563 4296 724 4369 commoda
737 4297 992 4373 cumelaustralis
1011 4298 1077 4373 vitae
1097 4299 1271 4379 austeritate

123 4392 354 4481 humilitateque
361 4393 716 4474 commutatflocitaque
723 4393 903 4456 sanctissimi
911 4395 988 4456 illius
997 4394 1143 4476 propositi
1151 4395 1269 4479 illustri,

123 4509 159 4557 ac
170 4490 303 4560 abonmi
316 4491 489 4570 posteritate
502 4492 700 4555 memorando
712 4493 848 4572 exemplo
862 4493 902 4553 ita
913 4493 992 4574 capti
1005 4494 1066 4555 Nos
1078 4501 1166 4582 atque
1179 4487 1269 4580 illecti

1147 4607 1162 4653 7
