3188 5414
229 470 280 528 rot
585 525 590 533 ,
655 461 859 526 'corruamus
877 470 943 524 xiv

226 587 261 642 ut
274 584 364 659 prout
382 577 509 639 facimus
523 595 578 656 pro
592 581 645 638 tua
662 584 778 656 tuaeque
792 575 878 656 regia
892 574 1001 636 domus
1016 574 1168 653 felicitate,
1182 595 1217 638 ae
1227 585 1376 659 perpetua

224 679 302 739 inter
312 680 373 739 Nos
385 674 596 754 conjunctione
603 673 874 737 misericordiarum
886 675 1017 750 Patrem,
1029 692 1065 735 ao
1075 675 1190 753 Regum
1197 674 1313 754 Regem
1324 676 1379 740 de·

159 757 167 777 ⁸
226 773 342 856 precari
359 790 515 853 nunquam
531 772 721 833 desistamus.
732 774 803 833 Hac
821 777 925 833 nostra
946 770 1027 850 apud
1044 773 1141 833 Deum
1155 771 1290 834 subsidia
1306 776 1379 838 Ma-

221 871 323 949 jestati
340 872 578 949 Turenunquam
597 868 736 931 defutura
748 869 925 950 pollicentes
938 869 1033 931 nostri
1053 869 1268 934 devinctissimi
1281 874 1377 937 animi

223 969 377 1048 egregium
390 959 674 1049 pignus'calestium
683 985 843 1029 munerum
857 967 1011 1048 auspicem
1023 970 1220 1049 apostolicam
1233 973 1379 1036 benedie-

223 1064 336 1126 tionem
348 1064 413 1141 tibi,
426 1064 579 1126 carissime
589 1063 621 1125 in
635 1063 752 1125 Christo
763 1062 805 1125 fili
816 1070 929 1142 noster,
945 1063 1154 1146 universaquae
1167 1068 1255 1148 regia
1270 1069 1378 1134 domui

223 1169 282 1222 tna
295 1160 499 1224 amantissime
513 1157 713 1240 impertimur.
732 1161 847 1222 Datum
860 1161 971 1230 Rome,
991 1168 1061 1232 ete,
1077 1163 1128 1224 die
1146 1175 1184 1225 20
1198 1165 1379 1244 septembris

228 1270 300 1322 1770
312 1305 320 1336 ‚
328 1261 521 1338 pontificatus
532 1262 629 1318 nostri
639 1262 720 1318 onae
733 1259 871 1318 secando.

557 1637 691 1680 nituere
715 1635 802 1679 FILIO
825 1637 935 1681 NOBILI
958 1639 1034 1680 VIRO

606 1745 742 1806 colum
761 1744 813 1805 DE
833 1744 991 1818 (Eram,

407 1871 513 1920 sacis
535 1869 769 1917 arnunrssnur
790 1869 1014 1918 sacerrimo
1035 1869 1184 1929 sainna,

512 1972 747 2051 CLEMENS
789 1975 920 2052 PAPA
950 1974 1058 2051 XIV.
1158 2032 1162 2043 .

923 2127 1017 2185 Romae,
1032 2131 1062 2176 20
1071 2123 1212 2189 septembre
1223 2131 1293 2176 1770.

263 2231 396 2301 Dileete,
407 2235 479 2298 eta,
489 2225 703 2288 incredibiliter
716 2247 787 2290 sane
800 2228 889 2290 letati
902 2247 1008 2290 sumus
1022 2229 1113 2291 allato
1127 2247 1223 2310 nuper
1236 2249 1274 2292 ex
1288 2234 1378 2296 Lusi-
1448 2256 1452 2262 ·

220 2331 302 2392 lania
313 2328 423 2390 nuncio
432 2326 470 2388 de
483 2326 663 2405 reintegrata
674 2325 752 2387 inter
764 2327 843 2400 Nos,
856 2345 893 2388 ao
903 2325 1093 2389 carissimum
1104 2326 1135 2389 in
1146 2327 1264 2402 Christo
1275 2318 1377 2395 lilium

220 2433 357 2487 nostrum
377 2423 544 2505 losephum
565 2422 751 2501 Portngallia
766 2430 797 2486 et
812 2424 1023 2503 Algarbiorum
1041 2443 1143 2505 regem
1162 2425 1376 2494 fidelissimum

220 2523 345 2604 pristina
362 2519 615 2582 necessitudinum
630 2515 667 2580 ae
682 2517 852 2582 officiorum
870 2519 1008 2582 omnium
1028 2522 1267 2602 consuetudine,
1282 2506 1377 2607 pate-

219 2623 359 2701 factaque
373 2619 583 2700 utrinquenon
598 2617 693 2698 magis
705 2636 808 2680 rerum
823 2618 967 2697 aliarum,
982 2639 1075 2700 quam
1087 2638 1212 2683 summa
1220 2623 1375 2705 caritatis,

220 2735 256 2778 ac
271 2713 520 2796 mutuaapietatis
537 2712 794 2784 communicandae
808 2713 866 2776 via.
880 2717 925 2776 Ex
937 2733 999 2795 quo
1013 2715 1119 2796 optimi
1132 2716 1210 2798 regis
1223 2718 1376 2789 eximium

174 2842 178 2849 ·
219 2832 291 2894 erga
303 2811 497 2894 apostolicam
510 2810 630 2888 Sedem,
643 2829 679 2872 ac
690 2809 861 2874 universam
873 2811 1038 2873 Ecclesiam
1048 2804 1200 2892 animum,
1211 2814 1267 2877 etsi
1281 2825 1377 2895 antea

218 2911 310 2974 etiam
330 2907 467 2990 plurimis
487 2905 670 2988 argumentis
687 2905 974 2993 perspectissimum,
992 2915 1094 2970 tamen
1114 2927 1184 2971 emn
1200 2907 1231 2972 in
1242 2910 1376 2977 modum

218 3008 391 3072 confirmari
403 3007 497 3070 Nobis
508 3013 572 3068 tam
590 3005 699 3088 cupide
711 3025 747 3069 ao
760 3005 886 3069 libenter
903 3006 1100 3086 cognovimus
1113 3051 1121 3084 ,
1134 3013 1169 3069 ut
1186 3025 1259 3069 euru
1272 3008 1374 3088 diem,

218 3114 354 3189 quotam
367 3105 520 3186 egregium
538 3104 652 3167 lactum
671 3105 710 3166 ad
724 3124 779 3167 nos
795 3112 840 3167 est
860 3105 1024 3186 perlatum,
1040 3104 1256 3169 faustissimum
1276 3109 1376 3174 Nobis

218 3201 393 3264 habendum
404 3220 439 3261 ex
454 3201 612 3276 omnibns,
628 3219 703 3278 qnos
722 3218 856 3280 unquam
872 3201 1001 3263 vidimus
1013 3247 1022 3280 ,
1036 3220 1071 3262 aa
1086 3201 1268 3264 laetissimum
1283 3203 1377 3266 arbi-

218 3308 379 3361 traremur.
1368 3282 1372 3291 ’

259 3395 403 3455 Praeclare
414 3395 474 3454 Nos
486 3392 578 3454 etiam
590 3392 729 3455 novimus
741 3439 749 3471 ,
764 3413 830 3474 qua
845 3402 901 3457 tuae
914 3394 945 3457 in
956 3414 993 3456 eo
1004 3402 1035 3457 et
1045 3394 1216 3457 inchoando
1228 3401 1260 3457 et
1272 3399 1375 3477 perli-

218 3492 325 3554 ciendo
347 3489 467 3571 negotio
487 3508 581 3571 quam
598 3497 772 3570 prestantes
786 3506 825 3554 ao'
842 3491 956 3555 exirniae
978 3499 1079 3574 partes
1094 3493 1216 3556 luerint.
1238 3493 1374 3560 Proinde

218 3607 343 3672 operam
357 3588 438 3650 hanc
457 3605 579 3650 omnem
596 3605 657 3667 qua
677 3595 708 3650 et
720 3589 813 3653 Nobis
833 3589 966 3652 maxima
985 3590 1180 3653 observantia
1198 3609 1234 3653 ac
1247 3590 1373 3672 pietatis

219 3691 329 3768 studia,
337 3695 368 3751 et
378 3685 614 3751 luculentissima
625 3687 694 3749 fidei
705 3697 795 3769 atque
803 3687 954 3751 industria
964 3695 1022 3751 tua
1031 3687 1212 3797 officiaitegi
1223 3687 1372 3770 detulisti,

220 3806 339 3852 summa
349 3793 471 3848 tuarum
482 3784 607 3847 laudum
626 3784 837 3865 predicatione
853 3792 883 3848 et
893 3784 1060 3867 gratiarum
1081 3792 1198 3847 acrone
1207 3803 1373 3868 prosequi

218 3910 302 3968 mur;
319 3885 422 3969 quod'
415 3893 457 3946 rta
476 3904 494 3948 a
511 3883 603 3947 Nobis
627 3882 850 3981 fieriputa‚ut
871 3883 979 3963 majori
1000 3883 1145 3945 cumulat
1124 3881 1255 3964 troriqne
1275 3882 1371 3950 animi

218 3989 410 4054 contentione
423 3992 565 4066 prestare
577 4002 638 4046 non
650 3982 810 4064 possimus
826 3982 1020 4045 Gratissimos
1031 3966 1207 4061 hujusmodi
1222 3981 1371 4065 omnique

155 4103 157 4108 ’
217 4078 1369 4164 officiorumgenerecumulatissimassensusnosnosdumlaegipertineres,

217 4191 251 4244 ut
259 4184 415 4259 debemus,
431 4179 632 4256 declaramus,
645 4177 767 4240 eosdem
781 4176 984 4239 verborum
957 4197 997 4256 vr,
1010 4183 1101 4258 prout
1089 4175 1175 4238 tillia
1185 4175 1278 4238 Nobis
1289 4195 1372 4240 con-

218 4281 378 4361 cipiuntur,
397 4276 547 4358 assequnti
561 4277 650 4357 plane
664 4295 725 4339 nou
739 4294 855 4337 snmus.
868 4275 1001 4337 Petimus
1013 4294 1031 4336 a
1044 4283 1075 4337 te
1085 4275 1187 4355 itaque
1199 4319 1209 4353 ‚
1222 4280 1257 4335 ut
1267 4272 1372 4338 inhoe

217 4377 387 4440 etiam‘Nos
407 4377 530 4456 adjuves
552 4394 588 4436 ac
608 4382 676 4437 ea'm
689 4373 838 4454 Maiestati
850 4375 920 4435 Tnae
933 4380 1063 4453 paternae
1083 4380 1191 4435 nostrae
1205 4373 1371 4438 voluntatis

216 4475 347 4557 elligirm
362 4477 524 4554 exhibeas,
547 4493 607 4554 qna
624 4473 672 4535 ille
693 4471 972 4550 mummolenum,
990 4479 1100 4553 lnoqne
1114 4471 1144 4534 in
1166 4473 1227 4534 Nos
1244 4489 1371 4566 surmuo
