3188 5414
229 478 278 537 rol
590 468 594 475 ’
642 479 860 534 -cnaunu'us
877 478 940 532 xiv

229 589 364 648 Fratrem
391 584 543 647 Andrcam
566 584 749 664 'episcopum
772 591 905 644 vestrum
934 582 1085 662 agetrirne
1116 579 1239 642 ierimus
1271 579 1376 646 adiano

228 684 364 763 longeio
388 682 524 744 custodia
537 682 694 759 destinari,
717 701 814 762 neque
841 700 931 763 possa
947 701 1002 743 suo
1023 681 1126 743 adesso
1149 699 1186 743 ao
1210 682 1376 742 consulere

226 781 325 860 gregi,
340 780 422 861 quod
442 780 483 840 illi
499 798 562 860 prae
581 779 711 851 caeteris,
733 797 798 858 qua
818 777 929 858 perfert
942 783 1084 858 putamus
1106 777 1375 838 esse‘molestissi*

225 889 321 940 mum.
332 879 409 940 Huic
422 895 502 940 nunc
518 876 614 938 dolori
630 876 874 939 nostroaccessit
884 872 1023 936 cumulus
1036 875 1073 935 ex
1083 874 1172 936 obitu
1184 873 1375 938 vmerabnis

114 1000 115 1007 ¹
225 974 337 1038 Fratris
347 973 468 1036 Antonii
482 973 615 1054 episcopi
629 972 818 1050 Coronensis,
828 973 878 1034 cui
888 971 1008 1034 interim
1019 971 1118 1033 iuerat
1130 970 1217 1032 istius
1229 971 1374 1035 Ecclesiae
1397 1007 1400 1012 -

225 1089 309 1149 cura,
322 1078 352 1133 et
364 1071 553 1152 episcopatus
569 1069 786 1132 administratio
800 1070 973 1132 commissa.
984 1069 1277 1150 Vobiscum-itaque,
1292 1089 1373 1151 quos

225 1187 261 1229 ea
275 1175 372 1230 morte
384 1168 537 1249 perculsos
555 1167 751 1245 arbitramur,
766 1169 883 1229 luctum
902 1167 985 1228 bunc
1002 1166 1184 1242 dividentes,
1206 1165 1312 1228 statim
1331 1167 1374 1229 ad

224 1265 302 1329 banc
312 1265 403 1326 etiam
409 1263 1374 1346 reparandamtlioviensisecelesiajarturamapostoneasoltici-

223 1362 326 1423 tudine
337 1362 513 1438 excitamur,
526 1379 561 1423 ac
572 1361 697 1442 proinde
707 1380 744 1422 ex
754 1361 955 1442 peculiaribus
965 1360 1036 1423 lacti
1050 1359 1283 1423 circumstantiis
1294 1379 1374 1423 uos-

224 1465 303 1519 tram
317 1465 451 1520 mentem
472 1457 561 1537 digne
579 1459 790 1536 moventibus,
807 1466 921 1521 attento
942 1460 1023 1521 dicto
1039 1459 1124 1521 obitu
1138 1458 1260 1520 Antonii
1276 1461 1374 1540 Gora*

224 1555 326 1634 zynski
351 1555 694 1636 episcopidoronensis,
711 1557 875 1637 apostolica
895 1564 998 1619 nostra
1022 1556 1200 1618 auctoritate
1212 1601 1221 1633 ‚
1235 1554 1373 1622 durante

224 1659 327 1713 tamen
338 1658 474 1733 tempore
487 1652 624 1714 violenta
645 1653 825 1715 detentionis
844 1653 978 1734 episcopi
1001 1651 1186 1729 Kioviensis,
1203 1652 1373 1717 etCzerni÷

224 1751 313 1811 covioe
327 1751 541 1813 confirmamus
551 1768 566 1829 ‚·
582 1759 613 1813 et
626 1758 774 1832 quatenus
799 1770 875 1833 opus
897 1752 953 1829 sit,
967 1751 1149 1831 deputamus
1170 1748 1209 1810 ad
1234 1750 1372 1830 regimen

223 1847 400 1926 dioeceseos,
414 1856 444 1910 et
456 1849 698 1929 procurationem
717 1868 826 1911 mensae
843 1849 995 1930 totiusque
1017 1847 1209 1929 episcopatus
1221 1847 1372 1911 armam

224 1945 382 2007 trationem
405 1947 546 2009 dilectum
566 1947 661 2011 filium
676 1948 852 2026 Cajetanum
865 1947 1067 2010 Rosciszenslri
1082 1945 1296 2008 scholasticum
1313 1966 1372 2007 ca-

223 2040 382 2120 thedralis,
394 2042 483 2105 ita-ut
503 2062 521 2104 a
540 2042 659 2104 nomiae
684 2044 739 2106 sub
759 2042 939 2125 quocunque
962 2043 1100 2125 pratensi
1116 2043 1209 2121 juris,
1225 2048 1255 2104 et
1274 2043 1373 2124 privi-

223 2133 290 2218 legii
315 2141 522 2220 praetextu-ab
550 2141 656 2202 eadem
683 2141 940 2203 administratione
963 2139 1115 2202 exturbari
1141 2139 1250 2216 valeat,
1277 2160 1315 2202 ac
1337 2140 1371 2203 iu

223 2235 384 2314 omnibus,⁴
399 2242 429 2297 et
450 2255 503 2316 per
528 2237 630 2298 omnia
652 2244 771 2299 servata
802 2237 914 2308 forma,
936 2245 967 2299 et
989 2255 1060 2298 cum
1082 2236 1222 2298 omnibus
1243 2236 1372 2300 taeulta-
1460 2247 1466 2260 '

223 2333 321 2409 tibus,
337 2333 445 2412 quibus
458 2352 495 2394 ex
507 2333 632 2412 epistola
644 2334 675 2393 in
689 2333 787 2395 forma
805 2335 906 2395 Brevis
926 2352 987 2396 sac·
1006 2352 1099 2395 mem.
1116 2333 1274 2396 Clementis
1287 2336 1369 2412 XIII,

223 2430 294 2489 data
305 2428 352 2489 die
367 2448 453 2489 xxru
464 2428 755 2508 aprilisuoccrxvnr
766 2430 925 2510 praedictus
935 2429 1083 2492 Antonius
1094 2430 1276 2510 Gorczynslri
1290 2450 1371 2493 ron-

223 2526 360 2586 firmatus
384 2530 415 2585 et
437 2524 600 2604 deputatus
621 2524 702 2589 lecit.
726 2528 769 2585 Ex
790 2525 848 2586 hac
872 2525 1078 2587 sollicitudInis
1100 2531 1211 2588 nostrae
1232 2525 1369 2604 ratione,

223 2640 316 2701 quam
329 2620 359 2681 in
369 2621 526 2682 ecclesiam
536 2622 626 2682 istam
638 2613 830 2701 conferimus,
843 2624 981 2704 cupimus
992 2643 1170 2705 persuasum
1179 2623 1272 2685 etiam
1282 2625 1372 2687 vobis

223 2719 279 2795 sit,
294 2717 395 2781 dilecti
416 2717 485 2795 lilii,
507 2717 544 2778 de
566 2725 692 2798 paterna
712 2725 815 2781 nostra
837 2739 908 2799 erga
928 2739 982 2782 vos
995 2727 1189 2801 vestrumque
1208 2721 1371 2800 collegium

223 2813 352 2893 plurima
372 2813 514 2890 caritate,
528 2812 558 2872 in
572 2813 659 2892 cujus
672 2813 783 2894 pignus
795 2813 991 2894 apostolicam
1010 2814 1250 2898 benedictionem
1270 2812 1370 2890 vobim

222 2911 321 2972 dilecti
339 2911 404 2990 filii,
424 2917 616 2992 peramanter
634 2911 833 2992 impertimur.
851 2914 963 2974 Datum
980 2915 1096 2983 Rome,
1116 2920 1181 2986 etc,
1197 2913 1248 2976 ctae
1262 2923 1294 2976 tt
1311 2931 1373 2974 aar*

221 3011 968 3091 pastr-1770‚ponteficatasaostrtaaaosecando.
1334 3026 1337 3032 ’

703 3131 886 3142 *nnana-—

736 3239 848 3309 XCVI.

514 3431 518 3438 .
556 3397 691 3439 bisseno
713 3397 802 3437 FILIO
824 3395 934 3441 nomm
957 3396 1035 3448 VIRO

462 3504 820 3565 conmanunrom
838 3505 909 3565 un
939 3488 1125 3565 arnnal

223 3632 407 3682 FIDELISSIMI
421 3633 510 3681 REGIS
526 3630 610 3680 APUD
622 3631 767 3681 sarculos
778 3629 882 3680 SEDEM
892 3630 1046 3713 ΙΜΙΝΙεΤΙὶΟ
1059 3629 1374 3681 Pauutroranrrnulo

529 3738 764 3817 CLEMENS
792 3739 920 3816 ΡΑΡΑ
948 3736 1053 3812 XIV.

975 3889 1067 3945 Itomae,
1083 3891 1109 3934 16
1124 3884 1218 3946 augusti
1233 3889 1302 3934 ¹770.

259 3998 388 4064 Ditem,
402 4001 459 4054 etc.
473 3996 547 4055 Cum
561 4002 718 4075 perspecta
732 3994 770 4054 sit
784 3993 879 4073 pietas
894 3992 986 4055 Nobis
1005 3999 1069 4069 tua,
1089 3991 1196 4053 dilecte
1214 3989 1256 4051 fili
1275 3990 1370 4054 nobi-

218 4092 254 4152 lis
268 4093 323 4170 vir,
344 4112 380 4153 ac
401 4092 532 4172 plurima
545 4110 616 4172 erga
635 4098 773 4153 sanctum
791 4090 957 4171 Ioseplrum
974 4090 1012 4151 de
1030 4089 1191 4170 Cupertino
1208 4088 1251 4149 tui
1273 4088 1370 4150 animi

219 4187 352 4267 devotio,
375 4198 406 4250 et
426 4188 616 4251 cumeadem
634 4189 719 4251 valde
737 4208 807 4250 cum
829 4195 932 4250 nostra
955 4195 1100 4269 congruat
1119 4188 1264 4266 (mirifice
1285 4189 1370 4252 eninr

218 4293 247 4347 et
259 4286 337 4348 illius
349 4290 471 4351 virtutes
483 4287 678 4366 admiramur,
691 4294 722 4350 et
732 4286 899 4369 patrocinio
912 4287 1045 4365 adjuvari
1057 4286 1255 4363 confidimus)
1269 4286 1371 4366 ipsam

217 4384 316 4450 studio
336 4386 426 4447 ctiam
447 4404 516 4466 erga
537 4392 566 4446 te
580 4392 682 4447 nostro
697 4387 814 4464 fovere,
837 4392 926 4465 atque
946 4386 1110 4448 auctiorem
1129 4385 1370 4465 alacrioremquc

216 4480 440 4565 quodammodo
461 4483 586 4545 reddere
600 4483 798 4544 decrevimus.
816 4482 962 4545 Mittimus
976 4482 1167 4562 proindetibi
1184 4484 1248 4562 ejus
1269 4483 1370 4548 sancti
