<?xml version="1.0" encoding="UTF-8"?>
<!DOCTYPE html PUBLIC "-//W3C//DTD XHTML 1.0 Transitional//EN"
    "http://www.w3.org/TR/xhtml1/DTD/xhtml1-transitional.dtd">
<html xmlns="http://www.w3.org/1999/xhtml" xml:lang="en" lang="en">
 <head>
  <title>
</title>
<meta http-equiv="Content-Type" content="text/html;charset=utf-8" />
  <meta name='ocr-system' content='tesseract 3.04.00' />
  <meta name='ocr-capabilities' content='ocr_page ocr_carea ocr_par ocr_line ocrx_word'/>
</head>
<body>
  <div class='ocr_page' id='page_1' title='image "./clementisxivpon00clemgoog_0333.png"; bbox 0 0 3188 5414; ppageno 0'>
   <div class='ocr_carea' id='block_1_1' title="bbox 225 528 1374 910">
    <p class='ocr_par' dir='ltr' id='par_1_1' title="bbox 227 528 997 595">
     <span class='ocr_line' id='line_1_1' title="bbox 227 528 997 595; baseline 0.005 -17"><span class='ocrx_word' id='word_1_1' title='bbox 227 530 279 580; x_wconf 83' lang='lat' dir='ltr'>8t0</span> <span class='ocrx_word' id='word_1_2' title='bbox 658 528 856 584; x_wconf 70' lang='lat' dir='ltr'>ubsalensis</span> <span class='ocrx_word' id='word_1_3' title='bbox 875 531 939 583; x_wconf 85' lang='lat' dir='ltr'>xlv</span> <span class='ocrx_word' id='word_1_4' title='bbox 994 589 997 595; x_wconf 26' lang='lat'><strong>¹</strong></span> 
     </span>
    </p>

    <p class='ocr_par' dir='ltr' id='par_1_2' title="bbox 225 629 1374 910">
     <span class='ocr_line' id='line_1_2' title="bbox 227 629 1373 716; baseline 0.004 -26"><span class='ocrx_word' id='word_1_5' title='bbox 227 648 319 709; x_wconf 87' lang='lat' dir='ltr'>quam</span> <span class='ocrx_word' id='word_1_6' title='bbox 334 649 352 690; x_wconf 89' lang='lat' dir='ltr'>a</span> <span class='ocrx_word' id='word_1_7' title='bbox 366 629 458 710; x_wconf 85' lang='lat' dir='ltr'>Regia</span> <span class='ocrx_word' id='word_1_8' title='bbox 479 630 633 710; x_wconf 88' lang='lat' dir='ltr'>Majestate</span> <span class='ocrx_word' id='word_1_9' title='bbox 645 635 710 694; x_wconf 86' lang='lat' dir='ltr'>&#39;lua</span> <span class='ocrx_word' id='word_1_10' title='bbox 732 653 768 693; x_wconf 80' lang='lat' dir='ltr'>eu</span> <span class='ocrx_word' id='word_1_11' title='bbox 793 633 876 693; x_wconf 92' lang='lat' dir='ltr'>obitu</span> <span class='ocrx_word' id='word_1_12' title='bbox 896 632 1091 693; x_wconf 73' lang='lat' dir='ltr'>amantissimi</span> <span class='ocrx_word' id='word_1_13' title='bbox 1107 633 1373 716; x_wconf 71' lang='lat' dir='ltr'>gloriosissimique</span> 
     </span>
     <span class='ocr_line' id='line_1_3' title="bbox 225 725 1374 813; baseline 0.005 -27"><span class='ocrx_word' id='word_1_14' title='bbox 225 725 302 804; x_wconf 83' lang='lat' dir='ltr'>regis</span> <span class='ocrx_word' id='word_1_15' title='bbox 310 725 358 786; x_wconf 82' lang='lat' dir='ltr'>avi</span> <span class='ocrx_word' id='word_1_16' title='bbox 369 726 411 788; x_wconf 91' lang='lat' dir='ltr'>tui</span> <span class='ocrx_word' id='word_1_17' title='bbox 422 731 593 808; x_wconf 88' lang='lat' dir='ltr'>susceptam</span> <span class='ocrx_word' id='word_1_18' title='bbox 604 747 670 790; x_wconf 90' lang='lat' dir='ltr'>esse</span> <span class='ocrx_word' id='word_1_19' title='bbox 678 730 793 807; x_wconf 90' lang='lat' dir='ltr'>scribis,</span> <span class='ocrx_word' id='word_1_20' title='bbox 804 748 914 810; x_wconf 87' lang='lat' dir='ltr'>magno</span> <span class='ocrx_word' id='word_1_21' title='bbox 917 729 1056 813; x_wconf 87' lang='lat' dir='ltr'>prolecto</span> <span class='ocrx_word' id='word_1_22' title='bbox 1062 731 1116 791; x_wconf 93' lang='lat' dir='ltr'>tibi</span> <span class='ocrx_word' id='word_1_23' title='bbox 1123 732 1231 792; x_wconf 89' lang='lat' dir='ltr'>solatio</span> <span class='ocrx_word' id='word_1_24' title='bbox 1241 734 1303 793; x_wconf 81' lang='lat' dir='ltr'>lios</span> <span class='ocrx_word' id='word_1_25' title='bbox 1311 751 1374 794; x_wconf 86' lang='lat' dir='ltr'>esse</span> 
     </span>
     <span class='ocr_line' id='line_1_4' title="bbox 225 822 1374 910; baseline 0.006 -26"><span class='ocrx_word' id='word_1_26' title='bbox 225 840 313 904; x_wconf 85' lang='lat' dir='ltr'>posse</span> <span class='ocrx_word' id='word_1_27' title='bbox 323 822 571 887; x_wconf 81' lang='lat' dir='ltr'>existimaremus.</span> <span class='ocrx_word' id='word_1_28' title='bbox 588 827 806 890; x_wconf 83' lang='lat' dir='ltr'>Tautamcnim</span> <span class='ocrx_word' id='word_1_29' title='bbox 820 827 931 889; x_wconf 90' lang='lat' dir='ltr'>doloris</span> <span class='ocrx_word' id='word_1_30' title='bbox 949 827 1017 888; x_wconf 91' lang='lat' dir='ltr'>inde</span> <span class='ocrx_word' id='word_1_31' title='bbox 1031 826 1091 887; x_wconf 85' lang='lat' dir='ltr'>rim</span> <span class='ocrx_word' id='word_1_32' title='bbox 1106 828 1261 908; x_wconf 81' lang='lat' dir='ltr'>cepimus,</span> <span class='ocrx_word' id='word_1_33' title='bbox 1278 848 1374 910; x_wconf 88' lang='lat' dir='ltr'>quan-</span> 
     </span>
    </p>
   </div>
   <div class='ocr_carea' id='block_1_2' title="bbox 26 915 1369 1124">
    <p class='ocr_par' dir='ltr' id='par_1_3' title="bbox 26 915 1369 1124">
     <span class='ocr_line' id='line_1_5' title="bbox 26 915 1368 1018; baseline -0.001 -17"><span class='ocrx_word' id='word_1_34' title='bbox 26 952 32 963; x_wconf 89' lang='lat'><strong>·</strong></span> <span class='ocrx_word' id='word_1_35' title='bbox 117 1005 120 1010; x_wconf 70' lang='grc'><strong>,</strong></span> <span class='ocrx_word' id='word_1_36' title='bbox 224 949 287 1001; x_wconf 91' lang='lat' dir='ltr'>tam</span> <span class='ocrx_word' id='word_1_37' title='bbox 301 941 361 999; x_wconf 81' lang='lat' dir='ltr'>Nos</span> <span class='ocrx_word' id='word_1_38' title='bbox 374 915 495 1018; x_wconf 82' lang='lat' dir='ltr'>quidem</span> <span class='ocrx_word' id='word_1_39' title='bbox 509 935 637 996; x_wconf 91' lang='lat' dir='ltr'>dicendo</span> <span class='ocrx_word' id='word_1_40' title='bbox 652 933 768 1014; x_wconf 82' lang='lat' dir='ltr'>assequi</span> <span class='ocrx_word' id='word_1_41' title='bbox 785 933 909 995; x_wconf 91' lang='lat' dir='ltr'>minime</span> <span class='ocrx_word' id='word_1_42' title='bbox 925 953 1100 1015; x_wconf 88' lang='lat' dir='ltr'>possumus,</span> <span class='ocrx_word' id='word_1_43' title='bbox 1117 935 1171 997; x_wconf 90' lang='lat' dir='ltr'>sed</span> <span class='ocrx_word' id='word_1_44' title='bbox 1190 943 1285 998; x_wconf 89' lang='lat' dir='ltr'>tumet</span> <span class='ocrx_word' id='word_1_45' title='bbox 1303 937 1368 1018; x_wconf 89' lang='lat' dir='ltr'>ipsc</span> 
     </span>
     <span class='ocr_line' id='line_1_6' title="bbox 225 1032 1369 1124; baseline 0 -26"><span class='ocrx_word' id='word_1_46' title='bbox 225 1037 337 1117; x_wconf 90' lang='lat' dir='ltr'>optime</span> <span class='ocrx_word' id='word_1_47' title='bbox 348 1035 492 1112; x_wconf 85' lang='lat' dir='ltr'>inteIliges</span> <span class='ocrx_word' id='word_1_48' title='bbox 501 1050 538 1093; x_wconf 84' lang='lat' dir='ltr'>ex</span> <span class='ocrx_word' id='word_1_49' title='bbox 552 1051 671 1124; x_wconf 90' lang='lat' dir='ltr'>summa</span> <span class='ocrx_word' id='word_1_50' title='bbox 686 1032 800 1111; x_wconf 88' lang='lat' dir='ltr'>tibique</span> <span class='ocrx_word' id='word_1_51' title='bbox 813 1033 1054 1113; x_wconf 86' lang='lat' dir='ltr'>prespectissima</span> <span class='ocrx_word' id='word_1_52' title='bbox 1068 1043 1174 1097; x_wconf 77' lang='lat' dir='ltr'>mertua</span> <span class='ocrx_word' id='word_1_53' title='bbox 1185 1043 1287 1098; x_wconf 90' lang='lat' dir='ltr'>nostra</span> <span class='ocrx_word' id='word_1_54' title='bbox 1298 1056 1369 1098; x_wconf 91' lang='lat' dir='ltr'>cum</span> 
     </span>
    </p>
   </div>
   <div class='ocr_carea' id='block_1_3' title="bbox 138 1131 1370 4627">
    <p class='ocr_par' dir='ltr' id='par_1_4' title="bbox 138 1131 1370 4627">
     <span class='ocr_line' id='line_1_7' title="bbox 223 1131 1367 1219; baseline -0.007 -20"><span class='ocrx_word' id='word_1_55' title='bbox 223 1141 273 1200; x_wconf 89' lang='lat' dir='ltr'>illo</span> <span class='ocrx_word' id='word_1_56' title='bbox 287 1139 516 1218; x_wconf 82' lang='lat' dir='ltr'>conjunctione,</span> <span class='ocrx_word' id='word_1_57' title='bbox 534 1157 625 1219; x_wconf 90' lang='lat' dir='ltr'>quem</span> <span class='ocrx_word' id='word_1_58' title='bbox 640 1139 680 1199; x_wconf 93' lang='lat' dir='ltr'>ob</span> <span class='ocrx_word' id='word_1_59' title='bbox 697 1139 776 1200; x_wconf 93' lang='lat' dir='ltr'>illius</span> <span class='ocrx_word' id='word_1_60' title='bbox 791 1135 966 1217; x_wconf 80' lang='lat' dir='ltr'>religionem</span> <span class='ocrx_word' id='word_1_61' title='bbox 980 1143 1153 1214; x_wconf 88' lang='lat' dir='ltr'>ceterasque</span> <span class='ocrx_word' id='word_1_62' title='bbox 1166 1132 1264 1212; x_wconf 83' lang='lat' dir='ltr'>regias</span> <span class='ocrx_word' id='word_1_63' title='bbox 1277 1131 1367 1193; x_wconf 89' lang='lat' dir='ltr'>animi</span> 
     </span>
     <span class='ocr_line' id='line_1_8' title="bbox 220 1228 1367 1318; baseline -0.005 -22"><span class='ocrx_word' id='word_1_64' title='bbox 220 1237 362 1314; x_wconf 86' lang='lat' dir='ltr'>virtutes,</span> <span class='ocrx_word' id='word_1_65' title='bbox 384 1256 419 1298; x_wconf 92' lang='lat' dir='ltr'>ac</span> <span class='ocrx_word' id='word_1_66' title='bbox 433 1237 595 1318; x_wconf 86' lang='lat' dir='ltr'>singularia</span> <span class='ocrx_word' id='word_1_67' title='bbox 615 1237 645 1297; x_wconf 90' lang='lat' dir='ltr'>in</span> <span class='ocrx_word' id='word_1_68' title='bbox 669 1235 851 1312; x_wconf 82' lang='lat' dir='ltr'>Ecclesiam,</span> <span class='ocrx_word' id='word_1_69' title='bbox 879 1234 909 1295; x_wconf 90' lang='lat' dir='ltr'>in</span> <span class='ocrx_word' id='word_1_70' title='bbox 923 1235 984 1294; x_wconf 89' lang='lat' dir='ltr'>Nos</span> <span class='ocrx_word' id='word_1_71' title='bbox 1008 1252 1043 1294; x_wconf 91' lang='lat' dir='ltr'>ac</span> <span class='ocrx_word' id='word_1_72' title='bbox 1062 1232 1092 1293; x_wconf 91' lang='lat' dir='ltr'>in</span> <span class='ocrx_word' id='word_1_73' title='bbox 1110 1232 1189 1292; x_wconf 90' lang='lat' dir='ltr'>banc</span> <span class='ocrx_word' id='word_1_74' title='bbox 1208 1231 1238 1291; x_wconf 88' lang='lat' dir='ltr'>S.</span> <span class='ocrx_word' id='word_1_75' title='bbox 1260 1228 1367 1292; x_wconf 86' lang='lat' dir='ltr'>Sedcm</span> 
     </span>
     <span class='ocr_line' id='line_1_9' title="bbox 222 1330 1369 1419; baseline -0.007 -23"><span class='ocrx_word' id='word_1_76' title='bbox 222 1336 342 1414; x_wconf 72' lang='lat' dir='ltr'>tarenta,</span> <span class='ocrx_word' id='word_1_77' title='bbox 366 1337 426 1398; x_wconf 89' lang='lat' dir='ltr'>boc</span> <span class='ocrx_word' id='word_1_78' title='bbox 443 1336 509 1419; x_wconf 90' lang='lat' dir='ltr'>ipso</span> <span class='ocrx_word' id='word_1_79' title='bbox 528 1343 664 1416; x_wconf 90' lang='lat' dir='ltr'>tempore</span> <span class='ocrx_word' id='word_1_80' title='bbox 681 1334 844 1419; x_wconf 76' lang='lat' dir='ltr'>prasertim</span> <span class='ocrx_word' id='word_1_81' title='bbox 867 1333 1038 1408; x_wconf 90' lang='lat' dir='ltr'>cumulata,</span> <span class='ocrx_word' id='word_1_82' title='bbox 1057 1339 1088 1392; x_wconf 91' lang='lat' dir='ltr'>et</span> <span class='ocrx_word' id='word_1_83' title='bbox 1105 1330 1227 1411; x_wconf 87' lang='lat' dir='ltr'>plurimi</span> <span class='ocrx_word' id='word_1_84' title='bbox 1250 1348 1369 1409; x_wconf 89' lang='lat' dir='ltr'>sempor·</span> 
     </span>
     <span class='ocr_line' id='line_1_10' title="bbox 220 1429 1368 1512; baseline -0.006 -19"><span class='ocrx_word' id='word_1_85' title='bbox 220 1433 357 1510; x_wconf 85' lang='lat' dir='ltr'>lecimus,</span> <span class='ocrx_word' id='word_1_86' title='bbox 372 1440 402 1494; x_wconf 87' lang='lat' dir='ltr'>et</span> <span class='ocrx_word' id='word_1_87' title='bbox 416 1432 582 1496; x_wconf 84' lang='lat' dir='ltr'>incredibili</span> <span class='ocrx_word' id='word_1_88' title='bbox 592 1432 709 1512; x_wconf 87' lang='lat' dir='ltr'>paterni</span> <span class='ocrx_word' id='word_1_89' title='bbox 723 1431 833 1494; x_wconf 84' lang='lat' dir='ltr'>amoris</span> <span class='ocrx_word' id='word_1_90' title='bbox 847 1432 958 1512; x_wconf 89' lang='lat' dir='ltr'>pietate</span> <span class='ocrx_word' id='word_1_91' title='bbox 964 1429 1115 1511; x_wconf 90' lang='lat' dir='ltr'>prosecuti</span> <span class='ocrx_word' id='word_1_92' title='bbox 1126 1446 1243 1489; x_wconf 87' lang='lat' dir='ltr'>sumus.</span> <span class='ocrx_word' id='word_1_93' title='bbox 1256 1429 1368 1487; x_wconf 89' lang='lat' dir='ltr'>Verum</span> 
     </span>
     <span class='ocr_line' id='line_1_11' title="bbox 220 1525 1368 1612; baseline -0.006 -21"><span class='ocrx_word' id='word_1_94' title='bbox 220 1531 258 1591; x_wconf 89' lang='lat' dir='ltr'>ad</span> <span class='ocrx_word' id='word_1_95' title='bbox 278 1531 531 1612; x_wconf 90' lang='lat' dir='ltr'>compescendum</span> <span class='ocrx_word' id='word_1_96' title='bbox 549 1531 666 1592; x_wconf 90' lang='lat' dir='ltr'>luctum</span> <span class='ocrx_word' id='word_1_97' title='bbox 688 1536 777 1610; x_wconf 87' lang='lat' dir='ltr'>atque</span> <span class='ocrx_word' id='word_1_98' title='bbox 796 1527 1000 1612; x_wconf 67' lang='lat' dir='ltr'>egritudinem</span> <span class='ocrx_word' id='word_1_99' title='bbox 1014 1535 1098 1589; x_wconf 90' lang='lat' dir='ltr'>tuam</span> <span class='ocrx_word' id='word_1_100' title='bbox 1116 1527 1166 1586; x_wconf 87' lang='lat' dir='ltr'>ille</span> <span class='ocrx_word' id='word_1_101' title='bbox 1177 1525 1368 1606; x_wconf 86' lang='lat' dir='ltr'>potissimum</span> 
     </span>
     <span class='ocr_line' id='line_1_12' title="bbox 217 1621 1368 1706; baseline -0.005 -19"><span class='ocrx_word' id='word_1_102' title='bbox 217 1625 362 1706; x_wconf 71' lang='lat' dir='ltr'>cogitatio</span> <span class='ocrx_word' id='word_1_103' title='bbox 373 1626 484 1692; x_wconf 84' lang='lat' dir='ltr'>valebit</span> <span class='ocrx_word' id='word_1_104' title='bbox 496 1643 589 1706; x_wconf 86' lang='lat' dir='ltr'>quum</span> <span class='ocrx_word' id='word_1_105' title='bbox 609 1630 713 1686; x_wconf 89' lang='lat' dir='ltr'>nostro</span> <span class='ocrx_word' id='word_1_106' title='bbox 729 1625 800 1685; x_wconf 91' lang='lat' dir='ltr'>item</span> <span class='ocrx_word' id='word_1_107' title='bbox 821 1623 959 1686; x_wconf 90' lang='lat' dir='ltr'>leniendo</span> <span class='ocrx_word' id='word_1_108' title='bbox 978 1623 1073 1686; x_wconf 91' lang='lat' dir='ltr'>dolori</span> <span class='ocrx_word' id='word_1_109' title='bbox 1088 1621 1232 1704; x_wconf 86' lang='lat' dir='ltr'>prodesse</span> <span class='ocrx_word' id='word_1_110' title='bbox 1249 1622 1368 1702; x_wconf 79' lang='lat' dir='ltr'>experi-</span> 
     </span>
     <span class='ocr_line' id='line_1_13' title="bbox 222 1720 1364 1810; baseline -0.006 -24"><span class='ocrx_word' id='word_1_111' title='bbox 222 1743 390 1810; x_wconf 21' lang='lat' dir='ltr'>mur„cum</span> <span class='ocrx_word' id='word_1_112' title='bbox 412 1742 473 1809; x_wconf 91' lang='lat' dir='ltr'>quo</span> <span class='ocrx_word' id='word_1_113' title='bbox 496 1724 526 1784; x_wconf 93' lang='lat' dir='ltr'>in</span> <span class='ocrx_word' id='word_1_114' title='bbox 554 1722 727 1804; x_wconf 85' lang='lat' dir='ltr'>religionem</span> <span class='ocrx_word' id='word_1_115' title='bbox 747 1721 845 1783; x_wconf 92' lang='lat' dir='ltr'>studio</span> <span class='ocrx_word' id='word_1_116' title='bbox 868 1740 987 1802; x_wconf 88' lang='lat' dir='ltr'>semper</span> <span class='ocrx_word' id='word_1_117' title='bbox 1011 1721 1114 1797; x_wconf 87' lang='lat' dir='ltr'>luerit,</span> <span class='ocrx_word' id='word_1_118' title='bbox 1134 1720 1364 1801; x_wconf 87' lang='lat' dir='ltr'>perpendimus,</span> 
     </span>
     <span class='ocr_line' id='line_1_14' title="bbox 219 1816 1367 1902; baseline -0.005 -19"><span class='ocrx_word' id='word_1_119' title='bbox 219 1841 350 1902; x_wconf 89' lang='lat' dir='ltr'>cumque</span> <span class='ocrx_word' id='word_1_120' title='bbox 378 1820 536 1902; x_wconf 90' lang='lat' dir='ltr'>perspicua</span> <span class='ocrx_word' id='word_1_121' title='bbox 558 1820 649 1882; x_wconf 88' lang='lat' dir='ltr'>luisse</span> <span class='ocrx_word' id='word_1_122' title='bbox 675 1820 811 1883; x_wconf 87' lang='lat' dir='ltr'>videmus</span> <span class='ocrx_word' id='word_1_123' title='bbox 833 1819 938 1885; x_wconf 78' lang='lat' dir='ltr'>divinar</span> <span class='ocrx_word' id='word_1_124' title='bbox 956 1837 1028 1898; x_wconf 89' lang='lat' dir='ltr'>erga</span> <span class='ocrx_word' id='word_1_125' title='bbox 1049 1818 1134 1882; x_wconf 93' lang='lat' dir='ltr'>illum</span> <span class='ocrx_word' id='word_1_126' title='bbox 1157 1816 1367 1878; x_wconf 78' lang='lat' dir='ltr'>misericordie</span> 
     </span>
     <span class='ocr_line' id='line_1_15' title="bbox 220 1902 1368 2002; baseline -0.003 -23"><span class='ocrx_word' id='word_1_127' title='bbox 220 1902 439 2000; x_wconf 58' lang='lat' dir='ltr'>iudicesque</span> <span class='ocrx_word' id='word_1_128' title='bbox 460 1918 612 2001; x_wconf 78' lang='lat' dir='ltr'>precipue</span> <span class='ocrx_word' id='word_1_129' title='bbox 638 1936 782 2002; x_wconf 88' lang='lat' dir='ltr'>supremo</span> <span class='ocrx_word' id='word_1_130' title='bbox 808 1917 857 1978; x_wconf 93' lang='lat' dir='ltr'>illo</span> <span class='ocrx_word' id='word_1_131' title='bbox 880 1934 941 1978; x_wconf 80' lang='lat' dir='ltr'>sna</span> <span class='ocrx_word' id='word_1_132' title='bbox 964 1917 1029 1980; x_wconf 76' lang='lat' dir='ltr'>vitat</span> <span class='ocrx_word' id='word_1_133' title='bbox 1054 1922 1123 1976; x_wconf 88' lang='lat' dir='ltr'>actu</span> <span class='ocrx_word' id='word_1_134' title='bbox 1148 1915 1368 1995; x_wconf 88' lang='lat' dir='ltr'>sapientissime</span> 
     </span>
     <span class='ocr_line' id='line_1_16' title="bbox 218 2011 1363 2101; baseline -0.005 -23"><span class='ocrx_word' id='word_1_135' title='bbox 218 2017 463 2101; x_wconf 86' lang='lat' dir='ltr'>sanctissimeque</span> <span class='ocrx_word' id='word_1_136' title='bbox 486 2034 523 2076; x_wconf 82' lang='lat' dir='ltr'>ex</span> <span class='ocrx_word' id='word_1_137' title='bbox 549 2014 713 2081; x_wconf 88' lang='lat' dir='ltr'>christiana</span> <span class='ocrx_word' id='word_1_138' title='bbox 737 2015 847 2095; x_wconf 89' lang='lat' dir='ltr'>pietate</span> <span class='ocrx_word' id='word_1_139' title='bbox 877 2012 1013 2075; x_wconf 87' lang='lat' dir='ltr'>confecto</span> <span class='ocrx_word' id='word_1_140' title='bbox 1037 2012 1201 2075; x_wconf 90' lang='lat' dir='ltr'>extiterunt</span> <span class='ocrx_word' id='word_1_141' title='bbox 1226 2011 1363 2072; x_wconf 89' lang='lat' dir='ltr'>illustria.</span> 
     </span>
     <span class='ocr_line' id='line_1_17' title="bbox 219 2107 1368 2189; baseline -0.004 -16"><span class='ocrx_word' id='word_1_142' title='bbox 219 2115 246 2174; x_wconf 92' lang='lat' dir='ltr'>ls</span> <span class='ocrx_word' id='word_1_143' title='bbox 259 2114 352 2176; x_wconf 87' lang='lat' dir='ltr'>etium</span> <span class='ocrx_word' id='word_1_144' title='bbox 363 2113 467 2189; x_wconf 91' lang='lat' dir='ltr'>dolor,</span> <span class='ocrx_word' id='word_1_145' title='bbox 479 2130 518 2173; x_wconf 89' lang='lat' dir='ltr'>ne</span> <span class='ocrx_word' id='word_1_146' title='bbox 530 2110 627 2172; x_wconf 89' lang='lat' dir='ltr'>inanis</span> <span class='ocrx_word' id='word_1_147' title='bbox 641 2110 699 2188; x_wconf 89' lang='lat' dir='ltr'>sit,</span> <span class='ocrx_word' id='word_1_148' title='bbox 716 2109 849 2172; x_wconf 87' lang='lat' dir='ltr'>adhiberi</span> <span class='ocrx_word' id='word_1_149' title='bbox 864 2117 894 2170; x_wconf 90' lang='lat' dir='ltr'>et</span> <span class='ocrx_word' id='word_1_150' title='bbox 908 2109 1039 2171; x_wconf 89' lang='lat' dir='ltr'>converti</span> <span class='ocrx_word' id='word_1_151' title='bbox 1055 2127 1073 2170; x_wconf 90' lang='lat' dir='ltr'>a</span> <span class='ocrx_word' id='word_1_152' title='bbox 1086 2107 1180 2169; x_wconf 89' lang='lat' dir='ltr'>Nobis</span> <span class='ocrx_word' id='word_1_153' title='bbox 1199 2115 1368 2188; x_wconf 88' lang='lat' dir='ltr'>opportune</span> 
     </span>
     <span class='ocr_line' id='line_1_18' title="bbox 220 2207 1368 2291; baseline -0.004 -21"><span class='ocrx_word' id='word_1_154' title='bbox 220 2210 309 2272; x_wconf 91' lang='lat' dir='ltr'>debet</span> <span class='ocrx_word' id='word_1_155' title='bbox 332 2209 371 2271; x_wconf 90' lang='lat' dir='ltr'>ad</span> <span class='ocrx_word' id='word_1_156' title='bbox 393 2207 623 2274; x_wconf 88' lang='lat' dir='ltr'>inflammandas</span> <span class='ocrx_word' id='word_1_157' title='bbox 636 2207 892 2291; x_wconf 88' lang='lat' dir='ltr'>cumulandasque</span> <span class='ocrx_word' id='word_1_158' title='bbox 912 2211 1031 2267; x_wconf 87' lang='lat' dir='ltr'>nostras</span> <span class='ocrx_word' id='word_1_159' title='bbox 1052 2223 1173 2285; x_wconf 88' lang='lat' dir='ltr'>preces,</span> <span class='ocrx_word' id='word_1_160' title='bbox 1202 2223 1281 2287; x_wconf 91' lang='lat' dir='ltr'>quas</span> <span class='ocrx_word' id='word_1_161' title='bbox 1308 2207 1368 2266; x_wconf 89' lang='lat' dir='ltr'>Nos</span> 
     </span>
     <span class='ocr_line' id='line_1_19' title="bbox 218 2286 1369 2386; baseline -0.003 -20"><span class='ocrx_word' id='word_1_162' title='bbox 218 2324 274 2386; x_wconf 92' lang='lat' dir='ltr'>pro</span> <span class='ocrx_word' id='word_1_163' title='bbox 284 2286 363 2367; x_wconf 79' lang='lat' dir='ltr'>illius</span> <span class='ocrx_word' id='word_1_164' title='bbox 385 2306 490 2373; x_wconf 81' lang='lat' dir='ltr'>anime</span> <span class='ocrx_word' id='word_1_165' title='bbox 511 2304 716 2369; x_wconf 85' lang='lat' dir='ltr'>incolumitate</span> <span class='ocrx_word' id='word_1_166' title='bbox 730 2303 769 2366; x_wconf 91' lang='lat' dir='ltr'>ad</span> <span class='ocrx_word' id='word_1_167' title='bbox 780 2303 912 2369; x_wconf 89' lang='lat' dir='ltr'>divinam</span> <span class='ocrx_word' id='word_1_168' title='bbox 929 2301 1119 2368; x_wconf 82' lang='lat' dir='ltr'>clementiam</span> <span class='ocrx_word' id='word_1_169' title='bbox 1134 2300 1255 2363; x_wconf 90' lang='lat' dir='ltr'>assidue</span> <span class='ocrx_word' id='word_1_170' title='bbox 1267 2301 1369 2364; x_wconf 89' lang='lat' dir='ltr'>lundi-</span> 
     </span>
     <span class='ocr_line' id='line_1_20' title="bbox 220 2397 1368 2483; baseline -0.004 -20"><span class='ocrx_word' id='word_1_171' title='bbox 220 2420 307 2479; x_wconf 88' lang='lat' dir='ltr'>mus,</span> <span class='ocrx_word' id='word_1_172' title='bbox 328 2419 457 2482; x_wconf 79' lang='lat' dir='ltr'>ernnqne</span> <span class='ocrx_word' id='word_1_173' title='bbox 477 2401 510 2462; x_wconf 92' lang='lat' dir='ltr'>iu</span> <span class='ocrx_word' id='word_1_174' title='bbox 531 2399 675 2478; x_wconf 87' lang='lat' dir='ltr'>modum,</span> <span class='ocrx_word' id='word_1_175' title='bbox 699 2419 764 2480; x_wconf 83' lang='lat' dir='ltr'>qua</span> <span class='ocrx_word' id='word_1_176' title='bbox 783 2414 947 2481; x_wconf 84' lang='lat' dir='ltr'>possumus</span> <span class='ocrx_word' id='word_1_177' title='bbox 961 2398 1094 2464; x_wconf 86' lang='lat' dir='ltr'>maxima</span> <span class='ocrx_word' id='word_1_178' title='bbox 1115 2416 1243 2483; x_wconf 85' lang='lat' dir='ltr'>quaque</span> <span class='ocrx_word' id='word_1_179' title='bbox 1261 2397 1368 2461; x_wconf 87' lang='lat' dir='ltr'>debere</span> 
     </span>
     <span class='ocr_line' id='line_1_21' title="bbox 220 2497 1368 2580; baseline -0.002 -20"><span class='ocrx_word' id='word_1_180' title='bbox 220 2499 418 2579; x_wconf 84' lang='lat' dir='ltr'>profitemur,</span> <span class='ocrx_word' id='word_1_181' title='bbox 432 2497 610 2578; x_wconf 76' lang='lat' dir='ltr'>gratissima.</span> <span class='ocrx_word' id='word_1_182' title='bbox 625 2497 718 2565; x_wconf 89' lang='lat' dir='ltr'>etiam</span> <span class='ocrx_word' id='word_1_183' title='bbox 729 2497 891 2560; x_wconf 86' lang='lat' dir='ltr'>voluntatis</span> <span class='ocrx_word' id='word_1_184' title='bbox 905 2497 1005 2559; x_wconf 82' lang='lat' dir='ltr'>officia</span> <span class='ocrx_word' id='word_1_185' title='bbox 1023 2497 1078 2580; x_wconf 90' lang='lat' dir='ltr'>ipsi</span> <span class='ocrx_word' id='word_1_186' title='bbox 1095 2497 1309 2578; x_wconf 87' lang='lat' dir='ltr'>persolvimus.</span> <span class='ocrx_word' id='word_1_187' title='bbox 1323 2497 1368 2558; x_wconf 75' lang='lat' dir='ltr'>Ad</span> 
     </span>
     <span class='ocr_line' id='line_1_22' title="bbox 217 2594 1368 2676; baseline 0 -20"><span class='ocrx_word' id='word_1_188' title='bbox 217 2595 311 2657; x_wconf 90' lang='lat' dir='ltr'>nostri</span> <span class='ocrx_word' id='word_1_189' title='bbox 327 2602 430 2662; x_wconf 88' lang='lat' dir='ltr'>autem</span> <span class='ocrx_word' id='word_1_190' title='bbox 448 2594 561 2675; x_wconf 79' lang='lat' dir='ltr'>proprii</span> <span class='ocrx_word' id='word_1_191' title='bbox 576 2597 712 2660; x_wconf 88' lang='lat' dir='ltr'>moeroris</span> <span class='ocrx_word' id='word_1_192' title='bbox 732 2614 768 2656; x_wconf 89' lang='lat' dir='ltr'>ac</span> <span class='ocrx_word' id='word_1_193' title='bbox 782 2595 925 2663; x_wconf 82' lang='lat' dir='ltr'>molestia</span> <span class='ocrx_word' id='word_1_194' title='bbox 945 2602 1064 2676; x_wconf 88' lang='lat' dir='ltr'>partem</span> <span class='ocrx_word' id='word_1_195' title='bbox 1079 2596 1282 2660; x_wconf 89' lang='lat' dir='ltr'>amovendam</span> <span class='ocrx_word' id='word_1_196' title='bbox 1297 2595 1368 2656; x_wconf 88' lang='lat' dir='ltr'>illud</span> 
     </span>
     <span class='ocr_line' id='line_1_23' title="bbox 220 2690 1368 2772; baseline -0.001 -20"><span class='ocrx_word' id='word_1_197' title='bbox 220 2710 281 2772; x_wconf 80' lang='lat' dir='ltr'>pre</span> <span class='ocrx_word' id='word_1_198' title='bbox 295 2690 408 2757; x_wconf 81' lang='lat' dir='ltr'>ceteris</span> <span class='ocrx_word' id='word_1_199' title='bbox 420 2690 551 2769; x_wconf 87' lang='lat' dir='ltr'>accedit,</span> <span class='ocrx_word' id='word_1_200' title='bbox 566 2691 648 2771; x_wconf 90' lang='lat' dir='ltr'>quod</span> <span class='ocrx_word' id='word_1_201' title='bbox 665 2690 943 2771; x_wconf 78' lang='lat' dir='ltr'>prestantissimum</span> <span class='ocrx_word' id='word_1_202' title='bbox 956 2711 1057 2772; x_wconf 90' lang='lat' dir='ltr'>regem</span> <span class='ocrx_word' id='word_1_203' title='bbox 1078 2710 1138 2753; x_wconf 93' lang='lat' dir='ltr'>nou</span> <span class='ocrx_word' id='word_1_204' title='bbox 1153 2709 1220 2753; x_wconf 89' lang='lat' dir='ltr'>esse</span> <span class='ocrx_word' id='word_1_205' title='bbox 1231 2699 1368 2772; x_wconf 85' lang='lat' dir='ltr'>ereptum</span> 
     </span>
     <span class='ocr_line' id='line_1_24' title="bbox 219 2789 1368 2872; baseline 0.002 -24"><span class='ocrx_word' id='word_1_206' title='bbox 219 2795 360 2868; x_wconf 84' lang='lat' dir='ltr'>reputare</span> <span class='ocrx_word' id='word_1_207' title='bbox 380 2806 557 2869; x_wconf 88' lang='lat' dir='ltr'>possumus,</span> <span class='ocrx_word' id='word_1_208' title='bbox 573 2789 624 2872; x_wconf 88' lang='lat' dir='ltr'>qui</span> <span class='ocrx_word' id='word_1_209' title='bbox 641 2790 733 2850; x_wconf 86' lang='lat' dir='ltr'>talem</span> <span class='ocrx_word' id='word_1_210' title='bbox 748 2789 778 2850; x_wconf 90' lang='lat' dir='ltr'>in</span> <span class='ocrx_word' id='word_1_211' title='bbox 802 2796 833 2850; x_wconf 88' lang='lat' dir='ltr'>te</span> <span class='ocrx_word' id='word_1_212' title='bbox 847 2789 940 2853; x_wconf 89' lang='lat' dir='ltr'>Nobis</span> <span class='ocrx_word' id='word_1_213' title='bbox 956 2789 1108 2870; x_wconf 86' lang='lat' dir='ltr'>reliquerit</span> <span class='ocrx_word' id='word_1_214' title='bbox 1118 2809 1317 2871; x_wconf 86' lang='lat' dir='ltr'>expressam,</span> <span class='ocrx_word' id='word_1_215' title='bbox 1336 2796 1368 2851; x_wconf 92' lang='lat' dir='ltr'>nt</span> 
     </span>
     <span class='ocr_line' id='line_1_25' title="bbox 138 2884 1368 2973; baseline 0.001 -26"><span class='ocrx_word' id='word_1_216' title='bbox 138 2893 141 2898; x_wconf 82' lang='lat'>&#39;</span> <span class='ocrx_word' id='word_1_217' title='bbox 217 2904 277 2948; x_wconf 85' lang='lat' dir='ltr'>sure</span> <span class='ocrx_word' id='word_1_218' title='bbox 300 2886 401 2966; x_wconf 77' lang='lat' dir='ltr'>gloria</span> <span class='ocrx_word' id='word_1_219' title='bbox 417 2905 453 2947; x_wconf 88' lang='lat' dir='ltr'>ac</span> <span class='ocrx_word' id='word_1_220' title='bbox 472 2885 611 2963; x_wconf 85' lang='lat' dir='ltr'>virtutis,</span> <span class='ocrx_word' id='word_1_221' title='bbox 626 2884 668 2947; x_wconf 89' lang='lat' dir='ltr'>ita</span> <span class='ocrx_word' id='word_1_222' title='bbox 681 2885 782 2951; x_wconf 88' lang='lat' dir='ltr'>eximii</span> <span class='ocrx_word' id='word_1_223' title='bbox 807 2886 838 2947; x_wconf 95' lang='lat' dir='ltr'>in</span> <span class='ocrx_word' id='word_1_224' title='bbox 855 2887 916 2949; x_wconf 89' lang='lat' dir='ltr'>Nos</span> <span class='ocrx_word' id='word_1_225' title='bbox 926 2932 935 2963; x_wconf 90' lang='lat'>,</span> <span class='ocrx_word' id='word_1_226' title='bbox 958 2893 1048 2973; x_wconf 87' lang='lat' dir='ltr'>atque</span> <span class='ocrx_word' id='word_1_227' title='bbox 1067 2887 1275 2968; x_wconf 70' lang='lat' dir='ltr'>apostolicam</span> <span class='ocrx_word' id='word_1_228' title='bbox 1289 2888 1368 2949; x_wconf 92' lang='lat' dir='ltr'>banc</span> 
     </span>
     <span class='ocr_line' id='line_1_26' title="bbox 219 2981 1369 3066; baseline 0 -20"><span class='ocrx_word' id='word_1_229' title='bbox 219 2983 422 3051; x_wconf 87' lang='lat' dir='ltr'>Sedemenimi</span> <span class='ocrx_word' id='word_1_230' title='bbox 433 2981 574 3062; x_wconf 86' lang='lat' dir='ltr'>effigiem.</span> <span class='ocrx_word' id='word_1_231' title='bbox 588 2983 792 3066; x_wconf 87' lang='lat' dir='ltr'>Quamobrem</span> <span class='ocrx_word' id='word_1_232' title='bbox 802 3000 838 3044; x_wconf 91' lang='lat' dir='ltr'>eo</span> <span class='ocrx_word' id='word_1_233' title='bbox 848 2983 987 3048; x_wconf 88' lang='lat' dir='ltr'>uberiore</span> <span class='ocrx_word' id='word_1_234' title='bbox 998 2982 1117 3061; x_wconf 88' lang='lat' dir='ltr'>solatio,</span> <span class='ocrx_word' id='word_1_235' title='bbox 1133 3002 1169 3045; x_wconf 86' lang='lat' dir='ltr'>uc</span> <span class='ocrx_word' id='word_1_236' title='bbox 1178 2984 1369 3062; x_wconf 86' lang='lat' dir='ltr'>jucunditate</span> 
     </span>
     <span class='ocr_line' id='line_1_27' title="bbox 218 3068 1366 3168; baseline 0 -26"><span class='ocrx_word' id='word_1_237' title='bbox 218 3081 377 3158; x_wconf 82' lang='lat' dir='ltr'>allicimur,</span> <span class='ocrx_word' id='word_1_238' title='bbox 387 3068 451 3163; x_wconf 90' lang='lat' dir='ltr'>quo</span> <span class='ocrx_word' id='word_1_239' title='bbox 461 3080 557 3159; x_wconf 87' lang='lat' dir='ltr'>magis</span> <span class='ocrx_word' id='word_1_240' title='bbox 569 3079 894 3168; x_wconf 87' lang='lat' dir='ltr'>perspectashabemus</span> <span class='ocrx_word' id='word_1_241' title='bbox 903 3079 1000 3160; x_wconf 88' lang='lat' dir='ltr'>regias</span> <span class='ocrx_word' id='word_1_242' title='bbox 1008 3086 1075 3141; x_wconf 88' lang='lat' dir='ltr'>tuas</span> <span class='ocrx_word' id='word_1_243' title='bbox 1085 3079 1201 3158; x_wconf 87' lang='lat' dir='ltr'>laudes,</span> <span class='ocrx_word' id='word_1_244' title='bbox 1211 3081 1366 3166; x_wconf 83' lang='lat' dir='ltr'>exquibus</span> 
     </span>
     <span class='ocr_line' id='line_1_28' title="bbox 220 3177 1367 3259; baseline 0.003 -22"><span class='ocrx_word' id='word_1_245' title='bbox 220 3177 312 3238; x_wconf 88' lang='lat' dir='ltr'>Nobis</span> <span class='ocrx_word' id='word_1_246' title='bbox 325 3197 445 3244; x_wconf 87' lang='lat' dir='ltr'>summa</span> <span class='ocrx_word' id='word_1_247' title='bbox 458 3196 493 3239; x_wconf 88' lang='lat' dir='ltr'>ac</span> <span class='ocrx_word' id='word_1_248' title='bbox 512 3179 654 3258; x_wconf 82' lang='lat' dir='ltr'>preclara</span> <span class='ocrx_word' id='word_1_249' title='bbox 670 3178 771 3244; x_wconf 86' lang='lat' dir='ltr'>lutura</span> <span class='ocrx_word' id='word_1_250' title='bbox 788 3178 818 3239; x_wconf 91' lang='lat' dir='ltr'>in</span> <span class='ocrx_word' id='word_1_251' title='bbox 828 3179 1003 3259; x_wconf 85' lang='lat' dir='ltr'>religionem</span> <span class='ocrx_word' id='word_1_252' title='bbox 1015 3225 1023 3256; x_wconf 89' lang='lat'>,</span> <span class='ocrx_word' id='word_1_253' title='bbox 1035 3180 1065 3240; x_wconf 92' lang='lat' dir='ltr'>in</span> <span class='ocrx_word' id='word_1_254' title='bbox 1077 3180 1243 3247; x_wconf 85' lang='lat' dir='ltr'>Ecclesiam</span> <span class='ocrx_word' id='word_1_255' title='bbox 1256 3179 1367 3243; x_wconf 86' lang='lat' dir='ltr'>merita</span> 
     </span>
     <span class='ocr_line' id='line_1_29' title="bbox 218 3275 1367 3359; baseline 0.004 -24"><span class='ocrx_word' id='word_1_256' title='bbox 218 3283 271 3336; x_wconf 88' lang='lat' dir='ltr'>tua</span> <span class='ocrx_word' id='word_1_257' title='bbox 289 3276 454 3342; x_wconf 86' lang='lat' dir='ltr'>certissime</span> <span class='ocrx_word' id='word_1_258' title='bbox 477 3275 666 3356; x_wconf 89' lang='lat' dir='ltr'>pollicemur.</span> <span class='ocrx_word' id='word_1_259' title='bbox 690 3279 753 3344; x_wconf 86' lang='lat' dir='ltr'>Hac</span> <span class='ocrx_word' id='word_1_260' title='bbox 774 3277 892 3359; x_wconf 84' lang='lat' dir='ltr'>egregia</span> <span class='ocrx_word' id='word_1_261' title='bbox 916 3296 986 3359; x_wconf 87' lang='lat' dir='ltr'>spe,</span> <span class='ocrx_word' id='word_1_262' title='bbox 1009 3277 1114 3358; x_wconf 91' lang='lat' dir='ltr'>tuique</span> <span class='ocrx_word' id='word_1_263' title='bbox 1128 3278 1159 3344; x_wconf 91' lang='lat' dir='ltr'>in</span> <span class='ocrx_word' id='word_1_264' title='bbox 1173 3279 1231 3341; x_wconf 84' lang='lat' dir='ltr'>Nos</span> <span class='ocrx_word' id='word_1_265' title='bbox 1251 3277 1367 3340; x_wconf 84' lang='lat' dir='ltr'>amoris</span> 
     </span>
     <span class='ocr_line' id='line_1_30' title="bbox 217 3370 1367 3453; baseline 0.003 -20"><span class='ocrx_word' id='word_1_266' title='bbox 217 3370 433 3450; x_wconf 80' lang='lat' dir='ltr'>significatione</span> <span class='ocrx_word' id='word_1_267' title='bbox 453 3371 589 3448; x_wconf 88' lang='lat' dir='ltr'>excitati,</span> <span class='ocrx_word' id='word_1_268' title='bbox 612 3372 767 3440; x_wconf 83' lang='lat' dir='ltr'>carissime</span> <span class='ocrx_word' id='word_1_269' title='bbox 780 3373 811 3434; x_wconf 93' lang='lat' dir='ltr'>in</span> <span class='ocrx_word' id='word_1_270' title='bbox 823 3374 940 3439; x_wconf 84' lang='lat' dir='ltr'>Christo</span> <span class='ocrx_word' id='word_1_271' title='bbox 954 3375 995 3440; x_wconf 83' lang='lat' dir='ltr'>tili</span> <span class='ocrx_word' id='word_1_272' title='bbox 1010 3382 1131 3453; x_wconf 90' lang='lat' dir='ltr'>noster,</span> <span class='ocrx_word' id='word_1_273' title='bbox 1147 3393 1266 3446; x_wconf 86' lang='lat' dir='ltr'>omnem</span> <span class='ocrx_word' id='word_1_274' title='bbox 1280 3375 1367 3441; x_wconf 87' lang='lat' dir='ltr'>illam</span> 
     </span>
     <span class='ocr_line' id='line_1_31' title="bbox 219 3463 1367 3560; baseline 0.008 -34"><span class='ocrx_word' id='word_1_275' title='bbox 219 3467 293 3527; x_wconf 91' lang='lat' dir='ltr'>inte</span> <span class='ocrx_word' id='word_1_276' title='bbox 316 3463 502 3530; x_wconf 90' lang='lat' dir='ltr'>traducimus</span> <span class='ocrx_word' id='word_1_277' title='bbox 522 3475 679 3547; x_wconf 88' lang='lat' dir='ltr'>paternam</span> <span class='ocrx_word' id='word_1_278' title='bbox 702 3470 879 3548; x_wconf 87' lang='lat' dir='ltr'>caritatem,</span> <span class='ocrx_word' id='word_1_279' title='bbox 901 3491 962 3560; x_wconf 86' lang='lat' dir='ltr'>qua</span> <span class='ocrx_word' id='word_1_280' title='bbox 975 3490 1045 3533; x_wconf 89' lang='lat' dir='ltr'>cum</span> <span class='ocrx_word' id='word_1_281' title='bbox 1069 3491 1125 3534; x_wconf 55' lang='lat' dir='ltr'>arro</span> <span class='ocrx_word' id='word_1_282' title='bbox 1139 3480 1194 3541; x_wconf 79' lang='lat' dir='ltr'>tuo</span> <span class='ocrx_word' id='word_1_283' title='bbox 1213 3473 1367 3552; x_wconf 85' lang='lat' dir='ltr'>conjuncti</span> 
     </span>
     <span class='ocr_line' id='line_1_32' title="bbox 218 3564 1364 3652; baseline 0.006 -27"><span class='ocrx_word' id='word_1_284' title='bbox 218 3581 360 3640; x_wconf 84' lang='lat' dir='ltr'>ersruus,</span> <span class='ocrx_word' id='word_1_285' title='bbox 392 3564 496 3631; x_wconf 81' lang='lat' dir='ltr'>omnia</span> <span class='ocrx_word' id='word_1_286' title='bbox 516 3565 637 3645; x_wconf 89' lang='lat' dir='ltr'>studia,</span> <span class='ocrx_word' id='word_1_287' title='bbox 656 3567 773 3647; x_wconf 81' lang='lat' dir='ltr'>officia,</span> <span class='ocrx_word' id='word_1_288' title='bbox 801 3588 867 3650; x_wconf 81' lang='lat' dir='ltr'>qua</span> <span class='ocrx_word' id='word_1_289' title='bbox 889 3570 1039 3652; x_wconf 86' lang='lat' dir='ltr'>proficisci</span> <span class='ocrx_word' id='word_1_290' title='bbox 1063 3591 1081 3632; x_wconf 92' lang='lat' dir='ltr'>a</span> <span class='ocrx_word' id='word_1_291' title='bbox 1100 3569 1194 3632; x_wconf 88' lang='lat' dir='ltr'>Nobis</span> <span class='ocrx_word' id='word_1_292' title='bbox 1216 3578 1364 3652; x_wconf 82' lang='lat' dir='ltr'>possunt3</span> 
     </span>
     <span class='ocr_line' id='line_1_33' title="bbox 217 3660 1367 3747; baseline 0.006 -26"><span class='ocrx_word' id='word_1_293' title='bbox 217 3666 355 3725; x_wconf 84' lang='lat' dir='ltr'>nostram</span> <span class='ocrx_word' id='word_1_294' title='bbox 365 3677 486 3725; x_wconf 90' lang='lat' dir='ltr'>omnem</span> <span class='ocrx_word' id='word_1_295' title='bbox 501 3660 539 3724; x_wconf 94' lang='lat' dir='ltr'>de</span> <span class='ocrx_word' id='word_1_296' title='bbox 553 3669 661 3730; x_wconf 85' lang='lat' dir='ltr'>mutua</span> <span class='ocrx_word' id='word_1_297' title='bbox 671 3664 702 3725; x_wconf 94' lang='lat' dir='ltr'>in</span> <span class='ocrx_word' id='word_1_298' title='bbox 716 3666 777 3727; x_wconf 92' lang='lat' dir='ltr'>Nos</span> <span class='ocrx_word' id='word_1_299' title='bbox 787 3666 899 3747; x_wconf 88' lang='lat' dir='ltr'>pietate</span> <span class='ocrx_word' id='word_1_300' title='bbox 913 3674 943 3729; x_wconf 91' lang='lat' dir='ltr'>et</span> <span class='ocrx_word' id='word_1_301' title='bbox 953 3667 1166 3745; x_wconf 88' lang='lat' dir='ltr'>conjunctione</span> <span class='ocrx_word' id='word_1_302' title='bbox 1176 3666 1323 3734; x_wconf 83' lang='lat' dir='ltr'>fiduciam</span> <span class='ocrx_word' id='word_1_303' title='bbox 1336 3667 1367 3728; x_wconf 91' lang='lat' dir='ltr'>in</span> 
     </span>
     <span class='ocr_line' id='line_1_34' title="bbox 217 3757 1367 3847; baseline 0.006 -29"><span class='ocrx_word' id='word_1_304' title='bbox 217 3766 247 3819; x_wconf 91' lang='lat' dir='ltr'>te</span> <span class='ocrx_word' id='word_1_305' title='bbox 271 3757 464 3823; x_wconf 88' lang='lat' dir='ltr'>collocamus.</span> <span class='ocrx_word' id='word_1_306' title='bbox 485 3759 666 3823; x_wconf 79' lang='lat' dir='ltr'>Gratissima</span> <span class='ocrx_word' id='word_1_307' title='bbox 684 3763 777 3825; x_wconf 89' lang='lat' dir='ltr'>Nobis</span> <span class='ocrx_word' id='word_1_308' title='bbox 802 3771 889 3826; x_wconf 91' lang='lat' dir='ltr'>erunt</span> <span class='ocrx_word' id='word_1_309' title='bbox 903 3783 951 3831; x_wconf 88' lang='lat' dir='ltr'>res</span> <span class='ocrx_word' id='word_1_310' title='bbox 972 3764 1274 3847; x_wconf 81' lang='lat' dir='ltr'>opportunitatesque</span> <span class='ocrx_word' id='word_1_311' title='bbox 1297 3784 1367 3826; x_wconf 87' lang='lat' dir='ltr'>onr-</span> 
     </span>
     <span class='ocr_line' id='line_1_35' title="bbox 218 3856 1367 3943; baseline 0.004 -24"><span class='ocrx_word' id='word_1_312' title='bbox 218 3876 286 3935; x_wconf 90' lang='lat' dir='ltr'>nes,</span> <span class='ocrx_word' id='word_1_313' title='bbox 305 3856 416 3939; x_wconf 91' lang='lat' dir='ltr'>quibus</span> <span class='ocrx_word' id='word_1_314' title='bbox 435 3857 600 3922; x_wconf 89' lang='lat' dir='ltr'>mirificam</span> <span class='ocrx_word' id='word_1_315' title='bbox 621 3860 700 3922; x_wconf 85' lang='lat' dir='ltr'>hano</span> <span class='ocrx_word' id='word_1_316' title='bbox 717 3866 852 3923; x_wconf 86' lang='lat' dir='ltr'>nostram</span> <span class='ocrx_word' id='word_1_317' title='bbox 870 3861 901 3923; x_wconf 92' lang='lat' dir='ltr'>iu</span> <span class='ocrx_word' id='word_1_318' title='bbox 921 3869 952 3923; x_wconf 92' lang='lat' dir='ltr'>te</span> <span class='ocrx_word' id='word_1_319' title='bbox 973 3863 1160 3930; x_wconf 86' lang='lat' dir='ltr'>voluntatem</span> <span class='ocrx_word' id='word_1_320' title='bbox 1184 3862 1240 3923; x_wconf 91' lang='lat' dir='ltr'>tibi</span> <span class='ocrx_word' id='word_1_321' title='bbox 1266 3863 1367 3943; x_wconf 88' lang='lat' dir='ltr'>reipsa</span> 
     </span>
     <span class='ocr_line' id='line_1_36' title="bbox 217 3955 1367 4039; baseline 0.003 -23"><span class='ocrx_word' id='word_1_322' title='bbox 217 3955 414 4017; x_wconf 90' lang='lat' dir='ltr'>declaremus.</span> <span class='ocrx_word' id='word_1_323' title='bbox 433 3955 520 4022; x_wconf 84' lang='lat' dir='ltr'>Nunc</span> <span class='ocrx_word' id='word_1_324' title='bbox 540 3956 621 4019; x_wconf 89' lang='lat' dir='ltr'>euim</span> <span class='ocrx_word' id='word_1_325' title='bbox 633 3957 779 4038; x_wconf 88' lang='lat' dir='ltr'>intelliges</span> <span class='ocrx_word' id='word_1_326' title='bbox 795 3977 920 4024; x_wconf 87' lang='lat' dir='ltr'>omnem</span> <span class='ocrx_word' id='word_1_327' title='bbox 933 3965 1069 4022; x_wconf 86' lang='lat' dir='ltr'>nostram</span> <span class='ocrx_word' id='word_1_328' title='bbox 1087 3978 1159 4039; x_wconf 89' lang='lat' dir='ltr'>erga</span> <span class='ocrx_word' id='word_1_329' title='bbox 1173 3977 1267 4026; x_wconf 86' lang='lat' dir='ltr'>avum</span> <span class='ocrx_word' id='word_1_330' title='bbox 1279 3970 1367 4025; x_wconf 90' lang='lat' dir='ltr'>tuum</span> 
     </span>
     <span class='ocr_line' id='line_1_37' title="bbox 217 4050 1368 4137; baseline 0.007 -23"><span class='ocrx_word' id='word_1_331' title='bbox 217 4050 455 4119; x_wconf 82' lang='lat' dir='ltr'>benevolentiam</span> <span class='ocrx_word' id='word_1_332' title='bbox 477 4051 589 4119; x_wconf 89' lang='lat' dir='ltr'>nedum</span> <span class='ocrx_word' id='word_1_333' title='bbox 609 4054 685 4118; x_wconf 83' lang='lat' dir='ltr'>inte</span> <span class='ocrx_word' id='word_1_334' title='bbox 707 4073 772 4117; x_wconf 92' lang='lat' dir='ltr'>esse</span> <span class='ocrx_word' id='word_1_335' title='bbox 791 4057 964 4126; x_wconf 85' lang='lat' dir='ltr'>traductam</span> <span class='ocrx_word' id='word_1_336' title='bbox 985 4077 1092 4124; x_wconf 89' lang='lat' dir='ltr'>verum</span> <span class='ocrx_word' id='word_1_337' title='bbox 1122 4058 1226 4137; x_wconf 89' lang='lat' dir='ltr'>etiam,</span> <span class='ocrx_word' id='word_1_338' title='bbox 1255 4058 1283 4121; x_wconf 86' lang='lat' dir='ltr'>si</span> <span class='ocrx_word' id='word_1_339' title='bbox 1303 4059 1368 4122; x_wconf 88' lang='lat' dir='ltr'>lieri</span> 
     </span>
     <span class='ocr_line' id='line_1_38' title="bbox 169 4151 1365 4238; baseline 0.008 -29"><span class='ocrx_word' id='word_1_340' title='bbox 169 4171 171 4176; x_wconf 66' lang='grc'>’</span> <span class='ocrx_word' id='word_1_341' title='bbox 218 4151 1022 4231; x_wconf 81' lang='lat' dir='ltr'>potest,auctamatqueamplilicatam.Demumlteum</span> <span class='ocrx_word' id='word_1_342' title='bbox 1031 4157 1186 4238; x_wconf 87' lang='lat' dir='ltr'>Optimum</span> <span class='ocrx_word' id='word_1_343' title='bbox 1194 4157 1365 4222; x_wconf 83' lang='lat' dir='ltr'>Maximam</span> 
     </span>
     <span class='ocr_line' id='line_1_39' title="bbox 218 4245 1368 4336; baseline 0.012 -32"><span class='ocrx_word' id='word_1_344' title='bbox 218 4245 420 4325; x_wconf 80' lang='lat' dir='ltr'>obsecrantes,</span> <span class='ocrx_word' id='word_1_345' title='bbox 434 4251 468 4307; x_wconf 92' lang='lat' dir='ltr'>ut</span> <span class='ocrx_word' id='word_1_346' title='bbox 479 4246 532 4312; x_wconf 87' lang='lat' dir='ltr'>tibi</span> <span class='ocrx_word' id='word_1_347' title='bbox 546 4249 754 4312; x_wconf 89' lang='lat' dir='ltr'>secundissimi</span> <span class='ocrx_word' id='word_1_348' title='bbox 766 4271 868 4314; x_wconf 88' lang='lat' dir='ltr'>rerum</span> <span class='ocrx_word' id='word_1_349' title='bbox 880 4255 1016 4315; x_wconf 91' lang='lat' dir='ltr'>omnium</span> <span class='ocrx_word' id='word_1_350' title='bbox 1030 4273 1153 4332; x_wconf 91' lang='lat' dir='ltr'>cursus,</span> <span class='ocrx_word' id='word_1_351' title='bbox 1165 4255 1368 4336; x_wconf 87' lang='lat' dir='ltr'>amplissimi-</span> 
     </span>
     <span class='ocr_line' id='line_1_40' title="bbox 218 4343 1370 4433; baseline 0.013 -33"><span class='ocrx_word' id='word_1_352' title='bbox 218 4358 276 4418; x_wconf 89' lang='lat' dir='ltr'>que</span> <span class='ocrx_word' id='word_1_353' title='bbox 289 4343 371 4420; x_wconf 88' lang='lat' dir='ltr'>regni</span> <span class='ocrx_word' id='word_1_354' title='bbox 386 4343 613 4410; x_wconf 89' lang='lat' dir='ltr'>administrandi</span> <span class='ocrx_word' id='word_1_355' title='bbox 627 4368 783 4413; x_wconf 88' lang='lat' dir='ltr'>successus</span> <span class='ocrx_word' id='word_1_356' title='bbox 801 4369 871 4411; x_wconf 91' lang='lat' dir='ltr'>cum</span> <span class='ocrx_word' id='word_1_357' title='bbox 882 4352 1020 4413; x_wconf 78' lang='lat' dir='ltr'>Ecclesiae</span> <span class='ocrx_word' id='word_1_358' title='bbox 1030 4372 1066 4414; x_wconf 91' lang='lat' dir='ltr'>ac</span> <span class='ocrx_word' id='word_1_359' title='bbox 1077 4352 1228 4433; x_wconf 88' lang='lat' dir='ltr'>religionis</span> <span class='ocrx_word' id='word_1_360' title='bbox 1238 4355 1370 4421; x_wconf 90' lang='lat' dir='ltr'>utilitate</span> 
     </span>
     <span class='ocr_line' id='line_1_41' title="bbox 143 4435 1370 4526; baseline 0.013 -32"><span class='ocrx_word' id='word_1_361' title='bbox 143 4436 146 4441; x_wconf 84' lang='lat'>&#39;</span> <span class='ocrx_word' id='word_1_362' title='bbox 219 4435 372 4514; x_wconf 86' lang='lat' dir='ltr'>conjuncti</span> <span class='ocrx_word' id='word_1_363' title='bbox 390 4441 471 4503; x_wconf 93' lang='lat' dir='ltr'>illius</span> <span class='ocrx_word' id='word_1_364' title='bbox 497 4442 680 4524; x_wconf 86' lang='lat' dir='ltr'>benignitate</span> <span class='ocrx_word' id='word_1_365' title='bbox 702 4447 893 4526; x_wconf 90' lang='lat' dir='ltr'>contingant,</span> <span class='ocrx_word' id='word_1_366' title='bbox 914 4447 944 4508; x_wconf 92' lang='lat' dir='ltr'>iu</span> <span class='ocrx_word' id='word_1_367' title='bbox 963 4448 1125 4510; x_wconf 86' lang='lat' dir='ltr'>caelestium</span> <span class='ocrx_word' id='word_1_368' title='bbox 1142 4449 1370 4513; x_wconf 82' lang='lat' dir='ltr'>beneficiorum</span> 
     </span>
     <span class='ocr_line' id='line_1_42' title="bbox 219 4534 1370 4627; baseline 0.016 -35"><span class='ocrx_word' id='word_1_369' title='bbox 219 4534 407 4618; x_wconf 90' lang='lat' dir='ltr'>auspicium,</span> <span class='ocrx_word' id='word_1_370' title='bbox 420 4548 586 4623; x_wconf 79' lang='lat' dir='ltr'>nostraque</span> <span class='ocrx_word' id='word_1_371' title='bbox 598 4562 722 4606; x_wconf 77' lang='lat' dir='ltr'>summac</span> <span class='ocrx_word' id='word_1_372' title='bbox 738 4545 870 4608; x_wconf 84' lang='lat' dir='ltr'>caritatis</span> <span class='ocrx_word' id='word_1_373' title='bbox 890 4545 999 4626; x_wconf 89' lang='lat' dir='ltr'>pignus</span> <span class='ocrx_word' id='word_1_374' title='bbox 1016 4548 1213 4627; x_wconf 89' lang='lat' dir='ltr'>apostolicam</span> <span class='ocrx_word' id='word_1_375' title='bbox 1224 4547 1370 4611; x_wconf 86' lang='lat' dir='ltr'>benedic-</span> 
     </span>
    </p>
   </div>
   <div class='ocr_carea' id='block_1_4' title="bbox 0 0 1598 5414">
    <p class='ocr_par' dir='ltr' id='par_1_5' title="bbox 0 0 1598 5414">
     <span class='ocr_line' id='line_1_43' title="bbox 0 0 1598 5414; baseline 0 0"><span class='ocrx_word' id='word_1_376' title='bbox 0 0 1598 5414; x_wconf 95' lang='lat' dir='ltr'> </span> 
     </span>
    </p>
   </div>
  </div>
 </body>
</html>
