3188 5414
242 490 295 540 roo
670 485 875 541 nannenus
893 485 966 563 ιιιιιΙ
995 546 997 550 ⁸

242 591 397 670 gionisque
412 608 448 651 ac
460 590 579 671 pietatis
597 590 703 671 spiritu
717 589 915 667 inflammari,
930 589 961 651 id
975 607 1046 652 vero
1060 588 1223 669 intelligere
1236 587 1336 650 Nobis
1352 593 1397 649 est

239 686 502 766 jucundissimum.
519 686 666 750 Maximas
676 686 788 749 idcirco
797 687 966 768 pergimus,
982 693 1072 767 atque
1088 685 1277 749 immortales
1291 685 1395 746 omni-

240 785 355 866 potenti
370 788 431 848 [teo
450 786 577 862 habere,
603 804 638 847 ac
655 786 781 849 reddere
803 786 933 867 gratias,
951 786 1039 864 cujus
1049 785 1081 847 in
1098 792 1128 847 te
1145 803 1287 862 summa,
1300 790 1393 864 alque

240 881 349 943 eximia
368 881 515 943 beneficia
535 888 674 944 constare
697 883 917 964 cognoscimus.
940 887 987 946 Tu
1009 902 1079 947 vero
1093 903 1196 965 perge,
1216 884 1327 945 dilecte
1350 884 1391 945 fili

239 978 347 1040 nobilis
364 978 419 1056 vir,
441 985 589 1060 quantum
615 978 674 1041 tuis
694 979 830 1043 diffidere
850 980 962 1042 viribus
991 986 1111 1043 tantum
1134 979 1236 1042 divina
1254 978 1390 1042 bonitale

203 1147 205 1151 y
238 1075 292 1137 niti
306 1075 336 1136 in
354 1077 458 1138 lesum
470 1076 621 1139 Christum
633 1077 857 1159 redemptorem
872 1098 908 1140 ac
927 1078 1127 1141 mediatorem
1144 1084 1287 1141 nostrum
1303 1079 1389 1158 eogi-

238 1174 365 1236 tationes
380 1195 415 1237 ac
433 1194 502 1256 spes
516 1194 623 1237 omnes
639 1175 805 1255 conjicere,
826 1176 857 1236 in
878 1195 914 1238 eo
934 1177 1053 1253 conari,
1069 1195 1105 1239 ac
1117 1176 1236 1257 operari
1258 1177 1387 1237 salutem

238 1283 425 1356 tuornatque
437 1275 476 1337 ad
487 1275 588 1337 aeterni
600 1275 695 1336 Patris
709 1275 836 1354 gloriam
851 1293 905 1354 per
926 1294 996 1337 eum
1010 1276 1178 1356 adspirare,
1198 1275 1252 1356 qni
1266 1281 1313 1338 est
1328 1276 1386 1353 via,

236 1372 362 1450 veritas,
383 1392 419 1434 ac
434 1373 512 1451 vita,
533 1391 588 1453 per
608 1391 700 1452 quem
717 1372 830 1434 scilicet
854 1392 891 1434 ex
912 1373 957 1435 his
973 1374 1104 1435 tenebris
1123 1373 1162 1435 ad
1186 1372 1385 1441 inextinctum

236 1470 366 1532 veritatis
376 1471 494 1547 lumen,
508 1488 544 1531 ac
555 1469 761 1531 beatissimam
772 1470 836 1532 vita
850 1469 1108 1533 immortalitatem
1128 1468 1330 1535 traducimur.
1353 1473 1384 1533 ln

236 1567 294 1628 boc
308 1567 430 1647 quidem
443 1566 735 1629 seculo-certandum
742 1586 861 1648 semper
873 1575 919 1630 est
928 1568 1032 1645 Nobis,
1045 1586 1117 1630 cum
1132 1568 1265 1648 undique
1276 1568 1384 1631 adver-

237 1665 386 1727 sariorum
397 1665 426 1727 vi
441 1672 530 1746 atque
537 1664 650 1726 insidiis
658 1663 829 1746 appetimur
837 1688 846 1742 ;
858 1664 910 1725 sed
921 1665 985 1743 ejus
994 1671 1093 1733 morte
1102 1664 1197 1727 vitam
1207 1664 1381 1746 recipimus,

233 1758 298 1835 ejus
312 1758 455 1838 sanguine
477 1759 657 1820 roboramur
672 1758 712 1819 ad
732 1757 907 1835 victoriam,
919 1759 985 1837 ejus
1004 1759 1129 1821 demum
1144 1758 1256 1822 virtute
1279 1760 1382 1822 trium-

232 1855 328 1933 pbum
341 1874 446 1917 sumus
455 1855 589 1916 relaturi.
605 1857 676 1916 Haec
689 1873 761 1916 cum
772 1854 825 1916 tibi
836 1855 922 1918 unice
933 1850 1089 1938 proposita
1097 1857 1181 1923 sitin
1196 1864 1252 1919 tuo
1262 1857 1382 1933 timore,

232 1952 343 2026 tuaque
357 1945 542 2022 humilitate,
555 1944 681 2021 fiducia,
697 1943 728 2006 in
748 1961 843 2023 eaque
864 1962 918 2024 per
938 1943 991 2006 Dei
1010 1944 1250 2026 misericordiam
1262 1946 1379 2009 assidue

232 2043 428 2120 confirmeris,
440 2048 473 2103 ut
485 2061 523 2102 ex
535 2041 595 2103 tuis
603 2040 803 2104 intelleximus
813 2040 931 2117 litteris,
939 2048 1024 2103 tanto
1035 2042 1245 2122 flagrantiores
1257 2043 1298 2105 ad
1311 2061 1380 2105 eum

230 2158 285 2218 pro
295 2146 404 2200 tecum
414 2139 580 2219 gratiarum
593 2137 709 2200 actione
720 2154 823 2217 preces
831 2136 1025 2215 effundimus,
1034 2155 1131 2218 neque
1142 2138 1240 2200 ullum
1253 2139 1380 2202 simmus

230 2237 381 2314 praetcrire
400 2235 497 2310 diem,
520 2233 595 2314 quin
612 2250 763 2296 memores
779 2231 824 2295 tui
850 2232 880 2295 in
905 2234 1076 2314 peragendo
1100 2234 1260 2298 sacrificio.
1273 2236 1379 2314 simus,

229 2341 319 2410 teque
334 2349 370 2391 ac
381 2331 505 2392 dilectas
516 2329 548 2390 in
558 2327 675 2391 Christo
685 2327 762 2390 filias
771 2328 886 2390 nobiles
895 2329 1050 2408 mulieres,
1059 2331 1233 2412 conjugem,
1243 2333 1378 2415 filiasque

228 2436 296 2488 tuas
309 2435 399 2507 atque
411 2427 582 2488 universam
596 2424 743 2488 familiam
757 2430 869 2486 aeterno
887 2427 967 2488 Patri
984 2445 1038 2508 per
1060 2427 1286 2495 sanctissimam
1298 2429 1378 2493 illam

228 2544 284 2604 pro
306 2525 392 2587 nobis
412 2524 600 2585 immolatam
620 2523 753 2585 hostiam
779 2524 1038 2587 commendemus.
1061 2528 1138 2588 Dum
1162 2527 1284 2592 Noseo
1306 2526 1377 2591 inte

230 2618 331 2678 animo
348 2607 605 2701 sumus,invicem
616 2624 680 2695 tua,
691 2623 874 2699 tuorumque
888 2619 990 2701 quain
1000 2621 1062 2682 Nos
1073 2621 1159 2697 estis,
1176 2621 1293 2704 pietate
1310 2639 1378 2683 ma-

225 2733 357 2796 gnopere
367 2715 564 2789 delectamur,
577 2720 667 2794 atquo
676 2713 746 2776 inde
759 2714 926 2776 uberrimos
938 2715 1031 2778 Nobis
1046 2714 1248 2795 Ecclesioeque
1260 2713 1375 2778 fructus

225 2813 368 2875 extituros
378 2812 568 2890 confidimus,
580 2831 651 2875 oum
662 2832 739 2894 quos
748 2813 848 2876 Nostri
861 2814 1054 2894 pontificatus
1059 2812 1250 2897 temporibus
1257 2831 1378 2877 succes

224 2930 275 2971 sus
288 2910 456 2985 desideras,
469 2909 592 2971 eosdem
603 2908 729 2970 summis
746 2910 837 2969 aDeo
850 2909 1034 2991 assiduisque
1047 2909 1277 2993 precationibus
1287 2910 1376 2973 effla-

222 3009 380 3087 gitasNos
391 3008 514 3088 quidem
523 3007 768 3086 cogitationibus,
776 3006 855 3066 curis
865 3025 901 3067 ac
912 3006 1212 3070 laboribusomnibus
1222 3025 1287 3070 non
1299 3026 1376 3071 nos-

155 3139 158 3144 ·
223 3117 314 3183 tram,
331 3106 447 3168 sedbel
463 3107 590 3186 gloriam
604 3106 775 3187 quaerimus,
790 3123 905 3187 proque
918 3104 1025 3167 eadem
1039 3105 1133 3167 vitam
1149 3105 1250 3186 ipsam
1263 3104 1376 3187 pacisci

223 3223 259 3263 ao
274 3203 453 3283 profundere
475 3205 570 3284 parati
585 3223 701 3266 sumus.
715 3207 759 3265 Ea
775 3204 805 3265 in
817 3204 957 3267 Ecelesiae
975 3204 1102 3265 utilitate
1117 3202 1328 3284 provehenda,
1343 3204 1374 3264 in

225 3299 434 3378 amplificanda
448 3301 601 3380 religione,
615 3302 646 3361 in
657 3301 790 3362 curanda
802 3302 973 3362 animarum
988 3302 1083 3362 salute
1096 3301 1287 3381 potissimum
1298 3318 1375 3361 con-

221 3395 342 3455 tinetur.
360 3398 494 3470 Quorum
509 3398 646 3459 omnium
657 3416 728 3460 cunr
739 3397 903 3460 commissa
922 3404 1032 3459 nostrae
1049 3397 1119 3461 fidoi
1136 3395 1296 3459 solicitudo
1317 3396 1372 3474 sit,

220 3492 333 3572 optime
347 3493 505 3573 intelligis,
526 3501 675 3575 quantum
687 3494 726 3556 sit
747 3493 881 3576 pondus,
900 3513 993 3575 quam
1007 3495 1163 3556 imbecillis
1181 3494 1295 3556 viribus
1309 3512 1375 3556 sus·

220 3589 377 3653 tinendnrn
391 3598 420 3654 et
431 3611 523 3672 qnam
533 3593 629 3655 enixis
641 3592 767 3673 proinde
780 3590 913 3654 fidelium
927 3591 1065 3653 omnium
1078 3591 1231 3674 precibus,
1246 3609 1282 3653 ac
1295 3592 1383 3673 votis,

220 3689 316 3750 fulciri
328 3689 552 3770 quodammodo
562 3694 635 3770 Nos,
650 3711 685 3753 ac
696 3692 831 3753 roborari
841 3709 962 3754 necesse
974 3693 1021 3753 sit.
1035 3693 1093 3752 Pro
1104 3698 1156 3753 tuo
1168 3690 1260 3771 igitur
1269 3689 1302 3751 in
1311 3691 1375 3752 Nos

1 3808 5 3818 “
104 3793 106 3798 ’
218 3789 318 3850 studio
333 3789 456 3867 feceris,
469 3791 493 3850 si
512 3790 720 3853 infirmitatem
732 3795 867 3850 nostram
887 3807 948 3851 non
969 3789 1139 3852 intermisso
1159 3787 1373 3871 precationum

219 3887 331 3949 anxilio
354 3889 582 3967 sustentaveris,
598 3908 696 3970 neque
719 3888 802 3949 aliud
823 3888 1121 3968 putaverisofficium
1138 3887 1290 3971 nnumin
1310 3888 1373 3951 Nos

217 3991 305 4046 tuum
320 4005 387 4047 esse
399 4005 486 4066 posse
499 3988 592 4048 Nobis
601 3988 649 4049 vel
660 3986 859 4067 opportunius
868 3988 916 4048 vel
926 3988 1089 4069 acceptius.
1106 3990 1184 4049 Eum
1196 3985 1372 4047 immodum

217 4084 361 4160 praeclare
374 4082 564 4163 responderis
574 4101 702 4145 summae
715 4081 756 4143 illi
771 4100 806 4144 ac
818 4082 961 4162 singulari
975 4090 1109 4164 paternae
1119 4081 1249 4159 caritati,
1260 4099 1325 4163 qua
1341 4087 1370 4143 te

217 4183 436 4261 prosequimur,
452 4200 574 4262 quaque
591 4181 786 4262 apostolicam
808 4180 1050 4243 benedictionem
1071 4179 1198 4242 caelestis
1222 4177 1370 4240 benedic·

217 4279 306 4340 tionis
315 4283 468 4362 auspicem
478 4280 631 4342 Nobilitati
639 4283 712 4342 Tuae
727 4298 763 4341 ao
772 4285 835 4341 tam
844 4278 960 4341 dileotae
973 4281 1065 4341 Nobis
1075 4277 1198 4342 familiae
1205 4295 1369 4359 peraman-

216 4385 263 4435 ter
275 4377 475 4455 impertimur.
495 4382 605 4440 Datum
625 4380 725 4465 Romo
732 4427 742 4451 ,
766 4385 834 4449 etc,
855 4379 904 4439 dic
928 4390 957 4438 ιι
974 4381 1119 4456 januarii
1140 4387 1227 4456 1772,
1239 4379 1369 4456 pontifi-

216 4481 301 4536 rolus
312 4483 406 4537 nostri
416 4499 496 4560 nnrro
507 4483 605 4541 tertio.

706 4608 885 4618 ...ιι-...η--ι
