3188 5414
653 488 854 542 CLEMENTlS
872 488 937 542 xiv

712 676 872 747 CCLVIII.

467 845 643 889 CARISSIMAE
665 845 700 887 IN
722 846 857 888 CHRISTO
880 847 973 892 FILIAE
996 849 1121 892 NOSTRAE

269 952 402 1011 Mamm
422 953 624 1015 THERESIAE
645 952 860 1013 HUNGARIAE
880 953 1032 1014 REGINAE
1053 956 1321 1034 APOSTOLICAE,

488 1073 613 1122 armon
628 1073 781 1128 nonnnnn
796 1074 923 1122 uncum
938 1076 1097 1138 mausum,

401 1181 435 1227 ru
451 1179 650 1228 scurronum
665 1164 901 1228 nurummouu
916 1179 1044 1229 mucre
1060 1183 1182 1244 vinum,

530 1295 761 1374 CLEMENS
787 1296 916 1372 PAPA
945 1294 1051 1372 XIV.

1002 1457 1098 1514 Romus,
1111 1461 1125 1506 ὁ
1140 1456 1220 1505 martii
1235 1462 1304 1508 ¹774.

263 1569 433 1634 Carissimo,
444 1570 499 1624 etc.
509 1561 650 1626 Reddidit
662 1561 753 1624 Nobis
761 1544 874 1624 litteras
883 1560 1059 1642 Apostolicae
1068 1561 1233 1639 Maiestatis
1244 1566 1315 1625 Tne
1323 1566 1366 1626 di·

222 1662 316 1723 lectus
330 1659 408 1723 filiu's
421 1666 523 1723 noster
534 1660 700 1722 Alexander
711 1661 742 1721 S.
755 1662 792 1721 R.
807 1662 842 1719 E.
858 1658 1023 1721 cardinalis
1036 1659 1187 1736 Albanus,
1199 1679 1322 1741 qunque
1333 1663 1362 1724 in

224 1758 260 1822 iis
280 1758 479 1837 continentur,
495 1758 558 1838 ipse
582 1763 627 1819 est
646 1756 736 1818 etiam
757 1775 892 1839 summo,
906 1775 968 1838 quo
990 1757 1021 1818 in
1038 1762 1106 1818 tuas
1125 1775 1191 1818 esse
1204 1775 1253 1819 res
1273 1761 1357 1828 solet,

222 1856 520 1938 studioprosecutus.
532 1853 734 1934 deprimam,
749 1860 782 1915 ut
797 1860 885 1916 antea
895 1871 950 1934 per
965 1853 1107 1914 dilectum
1121 1852 1218 1914 filium
1227 1862 1360 1917 noslrmu

221 1953 408 2022 cardinalem
419 1950 635 2014 vicecomitem
649 1949 789 2013 certiores
802 1952 865 2012 Nos
881 1950 1011 2026 feceras,
1025 1949 1067 2012 ita
1080 1968 1160 2011 nmio
1175 1967 1231 2030 per
1251 1949 1364 2013 litteras
1413 2024 1416 2030 ,

221 2051 369 2130 significas
379 2049 484 2128 Nobis,
496 2048 648 2112 carissima
659 2048 690 2109 in
703 2047 818 2111 Christo
832 2047 1014 2125 tilianostra,
1026 2046 1154 2128 potitam
1165 2053 1197 2110 te
1206 2065 1274 2110 esse
1288 2068 1365 2111 nou-

220 2148 309 2209 nullis
322 2147 451 2210 Poloniae
472 2145 649 2228 provinciis,
664 2163 739 2225 quas
754 2145 803 2206 ille
822 2164 876 2206 rex
893 2150 924 2206 et
936 2145 1106 2226 respublica
1122 2144 1175 2206 tihi
1195 2152 1288 2226 atque
1298 2149 1363 2209 Au-

219 2251 311 2323 gustae
324 2251 382 2306 tuae
394 2243 502 2306 Domui
513 2247 676 2304 cesserunt.
692 2243 866 2320 Pergratum
873 2241 967 2304 Nobis
976 2241 1031 2302 luit
1047 2240 1181 2303 officium
1192 2242 1253 2304 hoc
1263 2249 1362 2320 tuum,

220 2347 373 2424 Deumque
386 2345 420 2405 Ο.
436 2344 476 2405 Μ.
492 2359 661 2421 precamur,
676 2346 710 2401 ut
727 2340 758 2401 id
770 2339 857 2418 felix,
876 2339 1121 2420 fortunatumque
1131 2341 1283 2420 Maiestati
1294 2342 1364 2402 Tne

142 2448 145 2455 ’
221 2459 286 2502 esse
299 2440 380 2500 velit.
399 2440 487 2500 Certo
508 2437 687 2499 confidimus
697 2442 763 2498 rata
776 2437 840 2499 lore
851 2444 920 2500 vota
939 2437 1003 2498 lraec
1015 2445 1128 2517 nostra,
1141 2457 1281 2521 cumpro
1295 2438 1363 2521 pic-

220 2540 281 2600 tate
302 2539 362 2598 Nos
380 2542 433 2598 tua
444 2534 530 2597 facile
544 2534 742 2614 intelligamus
756 2534 787 2594 in
800 2533 884 2596 novis
903 2537 1064 2617 provinciis
1078 2539 1138 2601 tuis
1156 2539 1285 2602 minime
1306 2559 1365 2602 uu-

220 2656 311 2716 quam
332 2635 471 2697 defutura
493 2652 557 2696 esse
577 2633 678 2695 omnia
697 2631 834 2712 praesidia
848 2631 884 2694 iis
903 2652 1033 2713 quorum
1052 2653 1130 2697 cnrae
1151 2655 1187 2698 ac
1204 2635 1364 2716 vigilantia

185 2726 186 2729 ’
221 2733 387 2814 spirituales
400 2730 606 2794 ecclesiasticae
619 2749 666 2792 res
677 2736 746 2792 sunt
756 2729 886 2792 creditae.
909 2732 1005 2806 Quam
1016 2732 1140 2811 eximia,
1153 2751 1249 2814 quam
1263 2736 1364 2817 ampla

220 2830 392 2909 hujusmodi
406 2829 500 2892 nostri
511 2829 548 2890 de
557 2834 588 2890 te
599 2827 691 2891 animi
699 2828 736 2890 sit
746 2828 890 2907 inductio,
902 2849 939 2892 ex
951 2849 1070 2893 summo
1080 2832 1172 2894 etiam
1186 2839 1292 2896 nostro
1304 2841 1365 2896 stu·

219 2930 269 2991 dio
281 2946 458 3009 cognoscere
467 2924 601 3008 potuisti,
613 2925 695 3007 quod
709 2925 807 2988 eidem
820 2927 966 2988 Cardinali
979 2927 1154 2998 Vicecomiti
1164 2929 1204 2991 ad
1214 2936 1246 2991 te
1260 2938 1365 2994 nostro

220 3027 339 3090 nomine
360 3026 557 3089 deferendum
575 3026 799 3104 mandavimus,
820 3032 854 3087 ut
874 3044 966 3107 aqua
986 3026 1073 3088 unice
1095 3033 1165 3088 sunt
1177 3029 1365 3109 expectanda

218 3145 274 3205 pro
293 3125 435 3204 religione
452 3123 600 3202 subsidia,
618 3124 723 3203 eadem
745 3144 762 3186 a
782 3130 812 3185 te
825 3124 997 3186 constarent
1009 3142 1053 3184 -ac
1070 3129 1178 3205 parata
1191 3132 1288 3187 essent
1301 3125 1364 3187 boc

220 3230 371 3302 tempore,
382 3241 441 3303 quo
451 3221 582 3293 maxime
590 3221 755 3284 necessaria
767 3241 833 3284 esse
844 3222 990 3286 videmus.
1003 3223 1061 3286 Sed
1075 3225 1113 3286 de
1126 3225 1174 3287 his
1184 3226 1245 3306 ipse
1257 3226 1363 3287 cerdi-

219 3319 294 3379 nalis
308 3338 411 3380 coram
420 3324 520 3380 tecum
531 3323 565 3380 nt
579 3318 623 3379 rel
634 3319 763 3397 gravitas
773 3322 924 3400 postulat,
937 3322 1046 3384 iterum
1066 3325 1202 3404 pluribus
1210 3331 1285 3405 aget.
1296 3329 1361 3390 Nos

218 3415 272 3476 etsi
283 3415 407 3477 omnino
417 3415 471 3477 tibi
480 3434 655 3496 persuasum
665 3435 729 3478 esse
741 3422 894 3498 optemus,
907 3426 1066 3500 paternum
1078 3422 1213 3486 animum
1222 3429 1362 3487 nostrum

218 3513 309 3574 rebus
325 3510 385 3573 tuis
402 3512 557 3590 omnibus,
573 3515 702 3594 Tuaeque
715 3517 828 3577 Domus
841 3515 981 3580 felicitate
1001 3520 1190 3600 singulariter
1202 3521 1299 3600 affici,
1311 3529 1364 3586 ta-

218 3629 288 3671 men
301 3608 423 3671 minime
442 3627 521 3670 nunc
539 3628 617 3690 opus,
630 3629 695 3672 esse
713 3610 885 3691 judicamus
904 3614 1034 3677 uberiori
1049 3632 1153 3679 sensus
1174 3618 1231 3680 lios
1243 3626 1364 3682 nostros

219 3705 433 3788 significatione
447 3706 659 3787 comprobare,
679 3725 749 3770 clun
764 3708 882 3772 abunde
900 3710 954 3772 tibi
967 3713 1089 3774 eosdem
1109 3732 1186 3794 saepe
1201 3719 1292 3776 antea
1304 3715 1362 3777 de-

218 3805 442 3883 claraverimus,
457 3826 514 3869 nec
532 3807 630 3869 minus
644 3826 736 3888 opera
756 3807 846 3869 etiam
865 3814 985 3886 nostra,
1002 3829 1072 3872 cum
1086 3829 1162 3891 opus
1176 3811 1253 3888 ibit,
1268 3830 1362 3892 quam

182 3898 190 3917 '
217 3905 294 3967 votis
306 3902 429 3965 consilia
443 3911 495 3965 tua
510 3904 610 3965 omnia
625 3904 774 3984 prosecuti
787 3905 894 3981 simus,
910 3925 975 3986 quae
988 3907 1027 3968 ad
1040 3913 1161 3968 tuorum
1176 3909 1362 3988 populorum

218 4006 393 4080 utilitatem,
408 4020 443 4063 ac
461 4003 512 4065 Dei
525 4003 624 4084 ipsius
638 4003 764 4083 gloriam
776 4012 861 4065 erant
878 4024 1032 4065 conversa.
1046 4004 1160 4065 Eodem
1176 4023 1258 4066 nunc
1271 4008 1362 4086 plane

218 4104 318 4168 auimo
342 4099 528 4181 excepimus,
551 4100 633 4181 quod
657 4100 796 4181 deinceps
816 4101 845 4161 in
859 4101 919 4162 tuis
937 4101 1042 4162 litteris
1058 4120 1076 4162 a
1095 4101 1187 4162 Nobis
1206 4102 1361 4181 postulas,

217 4208 306 4280 atque
322 4198 431 4260 idcirco
452 4197 552 4259 statim
565 4203 627 4258 tam
642 4197 698 4278 ipsi
712 4197 859 4259 Cardinall
880 4197 1071 4274 vicecomiti,
1091 4216 1183 4278 quam
1197 4204 1306 4260 nostro
1332 4199 1361 4260 in

217 4294 340 4355 Polonia
352 4294 458 4356 nuntio
476 4294 668 4372 mandamus,
685 4300 718 4356 nt
731 4314 796 4376 quae
811 4295 906 4356 multa
920 4295 1042 4356 interest
1053 4297 1113 4356 Nos
1131 4293 1205 4355 scire
1218 4303 1364 4358 accurate

217 4391 372 4470 exquirant
382 4392 483 4452 omnia
496 4391 533 4452 ad
544 4394 662 4472 Nosque
674 4392 872 4472 perscribant,
884 4391 992 4470 quibus
1002 4391 1143 4452 nimirum
1153 4391 1196 4451 uti
1213 4390 1244 4451 in
1257 4398 1364 4454 nostru

217 4485 254 4555 de
268 4491 349 4553 lanta
363 4507 394 4548 re
407 4487 633 4567 deliberatione,
648 4489 921 4569 opportunioraque
935 4489 1057 4550 consilia
1072 4507 1177 4569 cupere
1190 4488 1361 4551 valcamus.
