3188 5414
292 515 325 565 14
721 500 924 558 CLEMEN'IlS
937 500 1003 555 xlv

287 615 372 691 bant,
391 610 571 674 tantundem
579 607 829 688 uuncvoluptatis
838 605 1138 669 inNosctccucordia
1146 607 1439 686 vestraredundavit,

287 710 453 793 prasertim
464 725 536 769 cum
549 713 653 769 nostra
665 723 727 767 nou
739 706 804 783 jam
816 704 975 767 dividenda
988 705 1028 765 ob
1040 704 1255 767 dissensionem
1265 705 1319 782 sit,
1336 706 1388 767 sed
1400 706 1440 767 ob

285 806 518 870 consensionem
529 803 713 867 cumulanda
731 803 761 865 in
776 808 919 882 utrosque
935 801 1157 865 benevolentia.
1177 803 1441 865 Persuasissimum

287 905 377 986 igitur
385 903 471 965 vobis
479 921 544 964 esse
554 901 705 982 cupimus,
717 892 792 962 nihil
802 898 966 978 jucundius
977 898 1113 962 accidere
1128 900 1221 962 Nobis
1236 901 1370 981 potuisse
1381 902 1439 962 bac

288 1007 386 1064 vestra
401 999 573 1062 demerendi
586 999 680 1060 nostri
695 997 867 1074 alacritate,
880 1015 947 1077 quae
957 996 1022 1058 baec
1037 995 1122 1057 initia
1135 997 1228 1058 nostri
1243 997 1439 1058 Pontificatus

287 1107 444 1179 tamquam
460 1097 582 1179 optimis
597 1115 632 1157 ac
652 1095 812 1157 laetissimis
829 1094 970 1176 auspiciis
988 1094 1129 1176 prosequi
1149 1094 1296 1156 voluistis.
1313 1097 1398 1157 Hanc
1410 1095 1441 1155 in

287 1214 352 1257 rem
362 1202 393 1256 et
406 1194 565 1256 consilium
586 1210 686 1270 suum,
704 1210 764 1272 quo
782 1191 947 1273 plurimum
967 1193 1079 1269 valent,
1097 1198 1127 1253 et
1140 1211 1264 1274 operam
1280 1193 1441 1255 contulisse

288 1313 359 1356 cum
382 1292 490 1354 eodem
516 1293 546 1352 S.
574 1293 610 1352 R.
637 1293 673 1351 Ε.
699 1289 871 1352 cardinales
897 1291 976 1352 cives
1004 1296 1142 1366 vestros,
1174 1297 1205 1353 et
1231 1292 1440 1353 Venerabilem

288 1394 425 1453 irenem
437 1388 629 1452 Dominicum
645 1385 913 1467 archiepiscopum
927 1385 1050 1462 Urbini,
1063 1386 1149 1463 quus
1164 1389 1324 1466 pastoralis
1339 1388 1441 1449 minis-

287 1488 357 1549 terii<
365 1488 510 1568 praeclara
528 1483 609 1566 apud
616 1485 681 1546 Nos
690 1490 773 1546 extat
783 1482 902 1565 opinio,
912 1489 978 1545 tum
992 1483 1091 1563 ipsum
1102 1483 1245 1546 dilectum
1257 1485 1353 1546 filium
1367 1506 1442 1548 nos-

287 1592 368 1645 trum
379 1584 514 1647 Flavium
528 1585 559 1644 S.
582 1585 618 1644 R.
633 1585 668 1644 E.
687 1581 877 1645 cardinalem
889 1580 1023 1644 Gbisium
1038 1582 1168 1645 universi
1189 1583 1268 1644 illius
1292 1585 1439 1666 seraphici

288 1681 401 1743 ordinis
417 1686 632 1763 protectorem,
652 1679 690 1741 de
701 1699 762 1760 quo
777 1679 893 1760 egregie
908 1697 1027 1760 semper
1035 1680 1143 1743 mereri
1160 1680 1285 1757 studuit,
1298 1701 1359 1742 non
1377 1684 1440 1745 sinc

285 1797 392 1841 eorum
413 1776 550 1840 omnium
565 1777 696 1859 plurima
714 1777 802 1840 laude
822 1796 858 1840 ac
873 1777 1137 1840 commendatione
1149 1785 1181 1840 et
1200 1780 1391 1859 agnoscimus
1411 1791 1441 1843 et

244 1895 248 1899 ·
285 1883 442 1939 testamur.
469 1878 567 1951 Quare
589 1876 673 1957 quod
694 1876 736 1936 illi
761 1894 874 1956 opera,
903 1876 1028 1938 consilio
1055 1881 1145 1955 atque
1174 1879 1354 1942 auctoritate
1386 1900 1440 1942 sua

287 1974 391 2057 perlici
407 1978 605 2051 curaverunt,
623 1992 736 2054 vosque
756 1991 792 2034 ac
811 1972 958 2055 seraphici
977 1979 1078 2055 patres
1096 1981 1160 2036 tam
1180 1974 1271 2036 alacri
1293 1995 1443 2041 consensu

286 2071 490 2154 suffragioque
512 2071 753 2152 comprobastis,
776 2069 917 2150 quodque
937 2070 968 2131 in
991 2068 1152 2132 utilitatem
1172 2071 1258 2134 istius
1276 2074 1358 2136 urbis
1379 2095 1441 2156 pu-

244 2245 248 2252 ·
285 2169 408 2244 blicam,
422 2175 597 2249 rectamque
612 2167 847 2230 adolescentium
861 2173 1030 2228 vestrorum
1047 2167 1267 2230 iustitutionem
1277 2171 1441 2234 certissime

285 2283 441 2328 cessurum
456 2282 596 2326 essenon
615 2263 806 2340 dubitamus,
820 2267 924 2324 nostra
942 2262 1034 2324 etiam
1052 2265 1231 2328 auctoritate
1249 2269 1440 2347 comprobari

288 2379 423 2443 parasse
443 2359 575 2421 maxime
595 2359 788 2421 arbitramur.
802 2360 846 2420 Ne
868 2357 970 2439 itaque
982 2359 1113 2425 incidere
1126 2362 1158 2424 in
1171 2368 1327 2445 posterum
1349 2366 1441 2445 quid-

286 2460 369 2541 piam
383 2457 493 2540 possit,
512 2457 594 2538 quod
608 2457 764 2520 decretum
780 2456 852 2520 illud
874 2459 989 2524 avobis
1007 2462 1055 2524 dia
1073 2462 1192 2525 decima
1211 2463 1348 2543 proxime
1360 2484 1441 2544 prae-

285 2555 367 2619 teriti
378 2554 491 2617 mensis
501 2556 583 2617 lunii
596 2554 711 2618 iactum
721 2556 783 2618 ulla
802 2557 1097 2641 rationeiniriugere,
1109 2560 1266 2640 abrogare,
1275 2579 1311 2622 ac
1322 2562 1440 2623 abolere

286 2653 396 2743 valeat,
404 2650 583 2732 utqueidem
591 2652 877 2732 semperetillaesum
887 2663 1021 2718 servetur
1031 2656 1174 2736 etvigeat,
1183 2657 1340 2738 omnisque
1349 2679 1441 2722 renc-

286 2742 455 2813 vaudarum
467 2749 740 2812 controversiarum
762 2770 797 2812 ac
815 2751 915 2815 litium
928 2755 1051 2816 tollatur
1063 2754 1148 2817 locus
1157 2800 1166 2833 ,
1182 2755 1244 2817 Nos
1259 2757 1440 2838 Apostolicae

286 2847 524 2911 confirmationis
532 2847 627 2909 robur
636 2846 839 2929 adjungimus,
848 2869 883 2912 ac
893 2869 1015 2914 omnem
1026 2850 1107 2912 varie
1117 2851 1216 2933 ipsam
1224 2853 1439 2940 interpretandi

286 2947 436 3009 rationem
461 2952 566 3008 nostra
590 2944 649 3007 hac
673 2946 832 3027 perspicua
856 2949 1060 3013 declaratione
1086 2970 1212 3033 prorsus
1236 2953 1437 3035 praecidimus.

286 3043 415 3105 Proinde
426 3044 565 3105 volumus
579 3061 614 3104 ac
625 3041 823 3123 declaramus,
837 3054 871 3108 ut
880 3048 1049 3131 theologica
1059 3049 1146 3112 istius
1154 3056 1260 3112 vestrae
1272 3051 1440 3114 studiorum

288 3139 491 3202 universitatis
526 3139 685 3218 cathedra,
719 3143 969 3224 quotiescumque
997 3147 1095 3224 ipsam
1123 3164 1232 3206 vacare
1264 3148 1438 3227 contigerit,

288 3255 406 3318 semper
419 3238 450 3299 iu
465 3245 621 3319 posterum
635 3258 653 3301 a
665 3239 750 3302 vobis
759 3239 926 3320 vestrisque
937 3241 968 3301 in
985 3239 1116 3320 regenda
1127 3239 1233 3302 eadem
1247 3243 1440 3306 universitate

288 3334 514 3398 successoribus
524 3354 580 3417 pro
588 3342 725 3417 tempore
735 3337 787 3398 uni
799 3336 971 3399 conseratur
980 3357 1017 3399 ex
1029 3337 1126 3399 tribus
1135 3337 1280 3418 religiosis
1293 3341 1440 3422 seraphici

241 3514 245 3520 ξ
288 3426 413 3497 minoris
435 3434 641 3496 conventualis
659 3433 773 3496 ordinis
784 3434 872 3513 viris,
890 3434 942 3516 qui
961 3436 999 3497 ab
1013 3433 1149 3514 ejusdem
1165 3433 1279 3497 ordinis
1297 3437 1441 3503 Praefecto

286 3529 424 3594 Generali
440 3531 539 3610 electi,
551 3529 699 3593 nominati
712 3549 748 3594 ac
756 3531 928 3612 presentati
939 3531 1025 3594 vobis
1039 3529 1204 3612 vestrisque
1218 3535 1441 3598 successoribus

288 3630 409 3693 luerint.
426 3630 474 3692 Ab
488 3629 595 3692 eodem
606 3649 679 3693 vero
692 3630 837 3694 Praeiecto
857 3631 994 3694 Generali
1011 3649 1067 3713 pro
1081 3636 1219 3711 tempore
1238 3633 1395 3711 volumus,
1408 3641 1442 3696 ut

288 3728 516 3813 diligentissimo
526 3728 732 3811 acerrimoque
738 3727 853 3808 judicio
864 3727 992 3790 haecdat
1003 3727 1130 3806 electio,
1144 3725 1247 3790 audito
1263 3729 1355 3790 etiam
1367 3750 1442 3812 pro-

288 3837 427 3894 curatore
445 3829 576 3910 generati
592 3829 722 3910 ordinis,
736 3826 913 3912 provinciali
924 3826 1038 3905 Piceni,
1053 3834 1085 3889 et
1102 3827 1240 3910 patribus
1254 3826 1339 3891 istius
1365 3849 1443 3891 con-

288 3935 397 3991 ventus
406 3926 524 3990 Urbini.
538 3929 637 4008 Atque
646 3929 723 4008 baec,
735 3927 836 3991 dilecti
855 3927 921 4006 filii,
933 3944 999 4008 quae
1017 3925 1049 3987 in
1069 3925 1162 3988 nostri
1180 3925 1308 4007 gratiam
1323 3946 1340 3987 a
1357 3927 1443 3989 vobis

289 4033 375 4105 gesta
385 4043 450 4089 esse
471 4025 552 4087 ultro
565 4025 710 4104 latemur,
730 4024 865 4103 iaciunt,
888 4032 923 4086 ut
943 4043 979 4087 eo
1002 4022 1166 4086 studiosius
1184 4031 1320 4085 nostram
1340 4024 1371 4086 iu
1390 4045 1443 4087 vos

289 4123 492 4202 gratissimam
500 4119 688 4185 uoluntatem
701 4121 908 4202 conferamus,
919 4140 980 4203 quo
991 4120 1089 4200 major
1097 4120 1204 4182 exinde
1216 4138 1251 4182 ac
1265 4122 1375 4186 certior
1390 4142 1444 4204 pu-

289 4221 377 4284 blicae
390 4230 497 4286 vestrae
509 4228 722 4305 perpetuaeque
733 4221 871 4285 utilitatis
886 4219 1072 4283 stabiliendae
1086 4238 1154 4300 spes
1167 4218 1338 4284 efflorescit.
1353 4223 1444 4284 Proin

290 4325 401 4381 nostrae
414 4319 505 4398 hujus
518 4318 655 4401 plurimae
669 4337 740 4400 erga
748 4337 802 4382 vos
816 4323 948 4400 paternae
959 4317 1175 4381 benevolentia
1195 4317 1312 4382 fructus
1325 4321 1356 4384 in
1370 4339 1445 4403 pos-

291 4422 392 4480 terum
400 4416 495 4490 Nobis
504 4417 597 4480 etiam
605 4416 773 4497 uberiores,
783 4419 807 4482 si
815 4437 876 4500 qua
886 4417 1097 4500 opportunitas
1109 4416 1224 4497 tulerit,
1234 4413 1350 4500 prolixe
1360 4418 1445 4499 polli-

293 4532 407 4580 cerum.
419 4516 542 4581 interim
552 4516 587 4600 ¹in
595 4516 777 4581 luculentius
798 4517 960 4598 pontificiae
974 4535 1044 4597 erga
1055 4526 1117 4578 vos·
1130 4515 1262 4579 caritatis
1283 4533 1445 4596 argumen-
