<?xml version="1.0" encoding="UTF-8"?>
<!DOCTYPE html PUBLIC "-//W3C//DTD XHTML 1.0 Transitional//EN"
    "http://www.w3.org/TR/xhtml1/DTD/xhtml1-transitional.dtd">
<html xmlns="http://www.w3.org/1999/xhtml" xml:lang="en" lang="en">
 <head>
  <title>
</title>
<meta http-equiv="Content-Type" content="text/html;charset=utf-8" />
  <meta name='ocr-system' content='tesseract 3.04.00' />
  <meta name='ocr-capabilities' content='ocr_page ocr_carea ocr_par ocr_line ocrx_word'/>
</head>
<body>
  <div class='ocr_page' id='page_1' title='image "./clementisxivpon00clemgoog_0346.png"; bbox 0 0 3188 5414; ppageno 0'>
   <div class='ocr_carea' id='block_1_1' title="bbox 502 478 1405 545">
    <p class='ocr_par' dir='ltr' id='par_1_1' title="bbox 502 478 1405 545">
     <span class='ocr_line' id='line_1_1' title="bbox 502 478 1405 545; baseline 0.004 -5"><span class='ocrx_word' id='word_1_1' title='bbox 502 478 689 542; x_wconf 74' lang='lat' dir='ltr'><strong>EPlSTOLAE</strong></span> <span class='ocrx_word' id='word_1_2' title='bbox 709 488 755 541; x_wconf 82' lang='lat' dir='ltr'><strong>ET</strong></span> <span class='ocrx_word' id='word_1_3' title='bbox 774 489 905 543; x_wconf 80' lang='lat' dir='ltr'><strong>BREVlA</strong></span> <span class='ocrx_word' id='word_1_4' title='bbox 926 490 1162 545; x_wconf 82' lang='lat' dir='ltr'><strong>SELECTIORA.</strong></span> <span class='ocrx_word' id='word_1_5' title='bbox 1354 495 1405 545; x_wconf 74' lang='lat'><strong>828</strong></span> 
     </span>
    </p>
   </div>
   <div class='ocr_carea' id='block_1_2' title="bbox 174 592 1466 2710">
    <p class='ocr_par' dir='ltr' id='par_1_2' title="bbox 174 592 1466 2710">
     <span class='ocr_line' id='line_1_2' title="bbox 257 592 1403 672; baseline -0.001 -17"><span class='ocrx_word' id='word_1_6' title='bbox 257 602 305 656; x_wconf 83' lang='lat' dir='ltr'><strong>ter</strong></span> <span class='ocrx_word' id='word_1_7' title='bbox 317 593 371 654; x_wconf 89' lang='lat' dir='ltr'><strong>tibi</strong></span> <span class='ocrx_word' id='word_1_8' title='bbox 383 609 579 671; x_wconf 79' lang='lat' dir='ltr'>summopere</span> <span class='ocrx_word' id='word_1_9' title='bbox 596 592 794 669; x_wconf 76' lang='lat' dir='ltr'>gratulamur,</span> <span class='ocrx_word' id='word_1_10' title='bbox 811 610 930 672; x_wconf 88' lang='lat' dir='ltr'><strong>unaque</strong></span> <span class='ocrx_word' id='word_1_11' title='bbox 951 593 1097 672; x_wconf 91' lang='lat' dir='ltr'><strong>plurimas</strong></span> <span class='ocrx_word' id='word_1_12' title='bbox 1115 594 1262 655; x_wconf 85' lang='lat' dir='ltr'><strong>habemus</strong></span> <span class='ocrx_word' id='word_1_13' title='bbox 1275 594 1403 671; x_wconf 83' lang='lat' dir='ltr'><strong>gratias,</strong></span> 
     </span>
     <span class='ocr_line' id='line_1_3' title="bbox 255 689 1406 772; baseline -0.003 -18"><span class='ocrx_word' id='word_1_14' title='bbox 255 692 341 772; x_wconf 88' lang='lat' dir='ltr'><strong>quud</strong></span> <span class='ocrx_word' id='word_1_15' title='bbox 351 691 427 751; x_wconf 90' lang='lat' dir='ltr'><strong>hanc</strong></span> <span class='ocrx_word' id='word_1_16' title='bbox 444 690 536 751; x_wconf 90' lang='lat' dir='ltr'><strong>Nobis</strong></span> <span class='ocrx_word' id='word_1_17' title='bbox 551 689 670 751; x_wconf 82' lang='lat' dir='ltr'><strong>laetandi</strong></span> <span class='ocrx_word' id='word_1_18' title='bbox 684 708 808 753; x_wconf 88' lang='lat' dir='ltr'><strong>eausam</strong></span> <span class='ocrx_word' id='word_1_19' title='bbox 821 695 961 771; x_wconf 81' lang='lat' dir='ltr'><strong>pergrato</strong></span> <span class='ocrx_word' id='word_1_20' title='bbox 973 689 1144 767; x_wconf 88' lang='lat' dir='ltr'><strong>hujusmodi</strong></span> <span class='ocrx_word' id='word_1_21' title='bbox 1156 689 1257 750; x_wconf 89' lang='lat' dir='ltr'><strong>officio</strong></span> <span class='ocrx_word' id='word_1_22' title='bbox 1269 695 1322 750; x_wconf 93' lang='lat' dir='ltr'><strong>tuo</strong></span> <span class='ocrx_word' id='word_1_23' title='bbox 1336 697 1406 751; x_wconf 82' lang='lat' dir='ltr'><strong>tua·</strong></span> 
     </span>
     <span class='ocr_line' id='line_1_4' title="bbox 256 785 1404 869; baseline -0.001 -19"><span class='ocrx_word' id='word_1_24' title='bbox 256 808 317 869; x_wconf 88' lang='lat' dir='ltr'><strong>que</strong></span> <span class='ocrx_word' id='word_1_25' title='bbox 328 789 427 850; x_wconf 89' lang='lat' dir='ltr'><strong>inNos</strong></span> <span class='ocrx_word' id='word_1_26' title='bbox 439 787 635 849; x_wconf 75' lang='lat' dir='ltr'><strong>observantiae</strong></span> <span class='ocrx_word' id='word_1_27' title='bbox 643 787 818 869; x_wconf 90' lang='lat' dir='ltr'><strong>plenissimo</strong></span> <span class='ocrx_word' id='word_1_28' title='bbox 830 785 979 864; x_wconf 74' lang='lat' dir='ltr'><strong>tribuisti,</strong></span> <span class='ocrx_word' id='word_1_29' title='bbox 992 786 1017 849; x_wconf 91' lang='lat' dir='ltr'><strong>si</strong></span> <span class='ocrx_word' id='word_1_30' title='bbox 1028 786 1151 867; x_wconf 90' lang='lat' dir='ltr'><strong>quidem</strong></span> <span class='ocrx_word' id='word_1_31' title='bbox 1165 787 1248 848; x_wconf 89' lang='lat' dir='ltr'><strong>bunc</strong></span> <span class='ocrx_word' id='word_1_32' title='bbox 1261 787 1404 865; x_wconf 91' lang='lat' dir='ltr'><strong>eundem,</strong></span> 
     </span>
     <span class='ocr_line' id='line_1_5' title="bbox 255 883 1407 967; baseline -0.001 -20"><span class='ocrx_word' id='word_1_33' title='bbox 255 904 348 966; x_wconf 87' lang='lat' dir='ltr'><strong>quem</strong></span> <span class='ocrx_word' id='word_1_34' title='bbox 360 905 421 967; x_wconf 82' lang='lat' dir='ltr'><strong>pra</strong></span> <span class='ocrx_word' id='word_1_35' title='bbox 434 892 464 948; x_wconf 88' lang='lat' dir='ltr'><strong>te</strong></span> <span class='ocrx_word' id='word_1_36' title='bbox 473 885 549 962; x_wconf 86' lang='lat' dir='ltr'><strong>fers,</strong></span> <span class='ocrx_word' id='word_1_37' title='bbox 564 887 595 948; x_wconf 92' lang='lat' dir='ltr'><strong>in</strong></span> <span class='ocrx_word' id='word_1_38' title='bbox 605 887 667 950; x_wconf 86' lang='lat' dir='ltr'><strong>Nos</strong></span> <span class='ocrx_word' id='word_1_39' title='bbox 681 893 770 966; x_wconf 79' lang='lat' dir='ltr'><strong>atque</strong></span> <span class='ocrx_word' id='word_1_40' title='bbox 785 885 991 967; x_wconf 65' lang='lat' dir='ltr'><strong>apostolicam</strong></span> <span class='ocrx_word' id='word_1_41' title='bbox 1000 883 1202 945; x_wconf 87' lang='lat' dir='ltr'><strong>bancSedem</strong></span> <span class='ocrx_word' id='word_1_42' title='bbox 1218 883 1353 945; x_wconf 89' lang='lat' dir='ltr'><strong>animum</strong></span> <span class='ocrx_word' id='word_1_43' title='bbox 1364 883 1407 946; x_wconf 91' lang='lat' dir='ltr'><strong>ita</strong></span> 
     </span>
     <span class='ocr_line' id='line_1_6' title="bbox 247 980 1404 1064; baseline -0.002 -17"><span class='ocrx_word' id='word_1_44' title='bbox 247 983 428 1064; x_wconf 86' lang='lat' dir='ltr'><strong>accepimus</strong></span> <span class='ocrx_word' id='word_1_45' title='bbox 452 990 485 1045; x_wconf 94' lang='lat' dir='ltr'><strong>ut</strong></span> <span class='ocrx_word' id='word_1_46' title='bbox 504 983 653 1062; x_wconf 91' lang='lat' dir='ltr'><strong>optimum</strong></span> <span class='ocrx_word' id='word_1_47' title='bbox 677 982 746 1044; x_wconf 90' lang='lat' dir='ltr'><strong>inde</strong></span> <span class='ocrx_word' id='word_1_48' title='bbox 766 983 956 1064; x_wconf 76' lang='lat' dir='ltr'><strong>episcopatus</strong></span> <span class='ocrx_word' id='word_1_49' title='bbox 978 980 1022 1041; x_wconf 89' lang='lat' dir='ltr'><strong>tui</strong></span> <span class='ocrx_word' id='word_1_50' title='bbox 1049 981 1215 1061; x_wconf 81' lang='lat' dir='ltr'><strong>auspicium</strong></span> <span class='ocrx_word' id='word_1_51' title='bbox 1238 982 1404 1063; x_wconf 86' lang='lat' dir='ltr'><strong>capiamus.</strong></span> 
     </span>
     <span class='ocr_line' id='line_1_7' title="bbox 258 1077 1406 1162; baseline 0 -20"><span class='ocrx_word' id='word_1_52' title='bbox 258 1082 459 1144; x_wconf 79' lang='lat' dir='ltr'><strong>Vehementer</strong></span> <span class='ocrx_word' id='word_1_53' title='bbox 468 1081 549 1142; x_wconf 83' lang='lat' dir='ltr'><strong>enim</strong></span> <span class='ocrx_word' id='word_1_54' title='bbox 562 1079 632 1141; x_wconf 90' lang='lat' dir='ltr'><strong>iude</strong></span> <span class='ocrx_word' id='word_1_55' title='bbox 642 1080 735 1142; x_wconf 87' lang='lat' dir='ltr'><strong>etiam</strong></span> <span class='ocrx_word' id='word_1_56' title='bbox 748 1097 927 1162; x_wconf 82' lang='lat' dir='ltr'><strong>persuasum</strong></span> <span class='ocrx_word' id='word_1_57' title='bbox 935 1083 981 1140; x_wconf 90' lang='lat' dir='ltr'><strong>est</strong></span> <span class='ocrx_word' id='word_1_58' title='bbox 991 1077 1084 1140; x_wconf 90' lang='lat' dir='ltr'><strong>Nobis</strong></span> <span class='ocrx_word' id='word_1_59' title='bbox 1095 1122 1104 1155; x_wconf 93' lang='lat'><strong>,</strong></span> <span class='ocrx_word' id='word_1_60' title='bbox 1114 1085 1144 1139; x_wconf 86' lang='lat' dir='ltr'><strong>te</strong></span> <span class='ocrx_word' id='word_1_61' title='bbox 1156 1077 1187 1138; x_wconf 93' lang='lat' dir='ltr'><strong>in</strong></span> <span class='ocrx_word' id='word_1_62' title='bbox 1201 1078 1309 1140; x_wconf 87' lang='lat' dir='ltr'><strong>eodem</strong></span> <span class='ocrx_word' id='word_1_63' title='bbox 1317 1097 1406 1159; x_wconf 54' lang='lat' dir='ltr'><strong>egre*-</strong></span> 
     </span>
     <span class='ocr_line' id='line_1_8' title="bbox 255 1173 1406 1258; baseline -0.001 -20"><span class='ocrx_word' id='word_1_64' title='bbox 255 1178 304 1257; x_wconf 80' lang='lat' dir='ltr'><strong>gie</strong></span> <span class='ocrx_word' id='word_1_65' title='bbox 317 1177 523 1258; x_wconf 80' lang='lat' dir='ltr'><strong>perfungendo</strong></span> <span class='ocrx_word' id='word_1_66' title='bbox 536 1176 680 1239; x_wconf 83' lang='lat' dir='ltr'><strong>eximiam</strong></span> <span class='ocrx_word' id='word_1_67' title='bbox 690 1183 826 1239; x_wconf 87' lang='lat' dir='ltr'><strong>nostram</strong></span> <span class='ocrx_word' id='word_1_68' title='bbox 839 1176 877 1238; x_wconf 90' lang='lat' dir='ltr'><strong>de</strong></span> <span class='ocrx_word' id='word_1_69' title='bbox 890 1182 943 1238; x_wconf 89' lang='lat' dir='ltr'><strong>tua</strong></span> <span class='ocrx_word' id='word_1_70' title='bbox 957 1174 1067 1236; x_wconf 90' lang='lat' dir='ltr'><strong>virtute</strong></span> <span class='ocrx_word' id='word_1_71' title='bbox 1081 1173 1255 1254; x_wconf 89' lang='lat' dir='ltr'><strong>opinionem</strong></span> <span class='ocrx_word' id='word_1_72' title='bbox 1272 1175 1406 1256; x_wconf 81' lang='lat' dir='ltr'><strong>amplio-</strong></span> 
     </span>
     <span class='ocr_line' id='line_1_9' title="bbox 257 1256 1404 1355; baseline -0.001 -18"><span class='ocrx_word' id='word_1_73' title='bbox 257 1276 339 1338; x_wconf 89' lang='lat' dir='ltr'><strong>ribus</strong></span> <span class='ocrx_word' id='word_1_74' title='bbox 353 1275 384 1336; x_wconf 93' lang='lat' dir='ltr'><strong>in</strong></span> <span class='ocrx_word' id='word_1_75' title='bbox 398 1275 461 1336; x_wconf 88' lang='lat' dir='ltr'><strong>dies</strong></span> <span class='ocrx_word' id='word_1_76' title='bbox 477 1275 595 1336; x_wconf 85' lang='lat' dir='ltr'><strong>indiciis</strong></span> <span class='ocrx_word' id='word_1_77' title='bbox 607 1256 878 1352; x_wconf 75' lang='lat' dir='ltr'><strong>confirmatumm,</strong></span> <span class='ocrx_word' id='word_1_78' title='bbox 903 1281 992 1355; x_wconf 88' lang='lat' dir='ltr'><strong>teque</strong></span> <span class='ocrx_word' id='word_1_79' title='bbox 1011 1273 1043 1335; x_wconf 92' lang='lat' dir='ltr'><strong>in</strong></span> <span class='ocrx_word' id='word_1_80' title='bbox 1060 1274 1120 1335; x_wconf 88' lang='lat' dir='ltr'><strong>boe</strong></span> <span class='ocrx_word' id='word_1_81' title='bbox 1130 1291 1210 1334; x_wconf 93' lang='lat' dir='ltr'><strong>novo</strong></span> <span class='ocrx_word' id='word_1_82' title='bbox 1223 1273 1291 1334; x_wconf 81' lang='lat' dir='ltr'><strong>vite</strong></span> <span class='ocrx_word' id='word_1_83' title='bbox 1304 1273 1404 1336; x_wconf 75' lang='lat' dir='ltr'><strong>curri·-</strong></span> 
     </span>
     <span class='ocr_line' id='line_1_10' title="bbox 255 1368 1406 1451; baseline 0 -19"><span class='ocrx_word' id='word_1_84' title='bbox 255 1372 325 1433; x_wconf 91' lang='lat' dir='ltr'><strong>culo</strong></span> <span class='ocrx_word' id='word_1_85' title='bbox 349 1371 480 1434; x_wconf 89' lang='lat' dir='ltr'><strong>ineundo</strong></span> <span class='ocrx_word' id='word_1_86' title='bbox 496 1390 619 1434; x_wconf 88' lang='lat' dir='ltr'><strong>omnem</strong></span> <span class='ocrx_word' id='word_1_87' title='bbox 642 1380 726 1435; x_wconf 92' lang='lat' dir='ltr'><strong>tuam</strong></span> <span class='ocrx_word' id='word_1_88' title='bbox 749 1389 872 1449; x_wconf 87' lang='lat' dir='ltr'><strong>curam,</strong></span> <span class='ocrx_word' id='word_1_89' title='bbox 894 1389 1016 1432; x_wconf 91' lang='lat' dir='ltr'><strong>omnem</strong></span> <span class='ocrx_word' id='word_1_90' title='bbox 1034 1387 1157 1451; x_wconf 90' lang='lat' dir='ltr'><strong>operam</strong></span> <span class='ocrx_word' id='word_1_91' title='bbox 1178 1368 1216 1431; x_wconf 90' lang='lat' dir='ltr'><strong>ad</strong></span> <span class='ocrx_word' id='word_1_92' title='bbox 1235 1369 1406 1432; x_wconf 87' lang='lat' dir='ltr'><strong>animarum</strong></span> 
     </span>
     <span class='ocr_line' id='line_1_11' title="bbox 257 1465 1405 1548; baseline -0.003 -17"><span class='ocrx_word' id='word_1_93' title='bbox 257 1468 513 1548; x_wconf 89' lang='lat' dir='ltr'><strong>incolumitatem,</strong></span> <span class='ocrx_word' id='word_1_94' title='bbox 541 1468 680 1531; x_wconf 82' lang='lat' dir='ltr'><strong>Ecclesia</strong></span> <span class='ocrx_word' id='word_1_95' title='bbox 694 1468 853 1531; x_wconf 85' lang='lat' dir='ltr'><strong>utilitatem</strong></span> <span class='ocrx_word' id='word_1_96' title='bbox 877 1486 912 1530; x_wconf 88' lang='lat' dir='ltr'><strong>ao</strong></span> <span class='ocrx_word' id='word_1_97' title='bbox 932 1466 1039 1529; x_wconf 82' lang='lat' dir='ltr'><strong>divinae</strong></span> <span class='ocrx_word' id='word_1_98' title='bbox 1062 1465 1163 1547; x_wconf 82' lang='lat' dir='ltr'><strong>glorie</strong></span> <span class='ocrx_word' id='word_1_99' title='bbox 1183 1466 1405 1528; x_wconf 90' lang='lat' dir='ltr'><strong>incrementum</strong></span> 
     </span>
     <span class='ocr_line' id='line_1_12' title="bbox 256 1564 1403 1649; baseline -0.002 -22"><span class='ocrx_word' id='word_1_100' title='bbox 256 1567 406 1649; x_wconf 85' lang='lat' dir='ltr'><strong>praecipue</strong></span> <span class='ocrx_word' id='word_1_101' title='bbox 429 1567 659 1629; x_wconf 85' lang='lat' dir='ltr'><strong>collocaturum.</strong></span> <span class='ocrx_word' id='word_1_102' title='bbox 676 1568 742 1628; x_wconf 87' lang='lat' dir='ltr'><strong>Hoc</strong></span> <span class='ocrx_word' id='word_1_103' title='bbox 760 1585 778 1627; x_wconf 93' lang='lat' dir='ltr'><strong>a</strong></span> <span class='ocrx_word' id='word_1_104' title='bbox 794 1571 824 1628; x_wconf 87' lang='lat' dir='ltr'><strong>te</strong></span> <span class='ocrx_word' id='word_1_105' title='bbox 837 1565 970 1628; x_wconf 82' lang='lat' dir='ltr'><strong>maxime</strong></span> <span class='ocrx_word' id='word_1_106' title='bbox 990 1572 1205 1646; x_wconf 88' lang='lat' dir='ltr'><strong>expectamus,</strong></span> <span class='ocrx_word' id='word_1_107' title='bbox 1222 1564 1330 1626; x_wconf 86' lang='lat' dir='ltr'><strong>dilecte</strong></span> <span class='ocrx_word' id='word_1_108' title='bbox 1340 1564 1403 1643; x_wconf 89' lang='lat' dir='ltr'><strong>lili,</strong></span> 
     </span>
     <span class='ocr_line' id='line_1_13' title="bbox 217 1641 1407 1743; baseline -0.001 -19"><span class='ocrx_word' id='word_1_109' title='bbox 217 1663 221 1704; x_wconf 65' lang='lat' dir='ltr'><strong>l</strong></span> <span class='ocrx_word' id='word_1_110' title='bbox 256 1641 1407 1743; x_wconf 68' lang='lat' dir='ltr'><strong>utquehactuaesollicitudinisliducialretitesingularibenevolentiauos‘tra</strong></span> 
     </span>
     <span class='ocr_line' id='line_1_14' title="bbox 254 1753 1406 1841; baseline 0.003 -21"><span class='ocrx_word' id='word_1_111' title='bbox 254 1760 496 1841; x_wconf 79' lang='lat' dir='ltr'><strong>complectimur,</strong></span> <span class='ocrx_word' id='word_1_112' title='bbox 511 1761 625 1841; x_wconf 86' lang='lat' dir='ltr'><strong>tibique</strong></span> <span class='ocrx_word' id='word_1_113' title='bbox 637 1761 740 1822; x_wconf 91' lang='lat' dir='ltr'><strong>omnia</strong></span> <span class='ocrx_word' id='word_1_114' title='bbox 751 1767 884 1841; x_wconf 83' lang='lat' dir='ltr'><strong>paternoe</strong></span> <span class='ocrx_word' id='word_1_115' title='bbox 900 1760 1034 1822; x_wconf 91' lang='lat' dir='ltr'><strong>caritatis</strong></span> <span class='ocrx_word' id='word_1_116' title='bbox 1046 1759 1144 1822; x_wconf 91' lang='lat' dir='ltr'><strong>studia</strong></span> <span class='ocrx_word' id='word_1_117' title='bbox 1154 1753 1344 1841; x_wconf 87' lang='lat' dir='ltr'><strong>pollicemur.</strong></span> <span class='ocrx_word' id='word_1_118' title='bbox 1356 1762 1406 1824; x_wconf 81' lang='lat' dir='ltr'><strong>ui-</strong></span> 
     </span>
     <span class='ocr_line' id='line_1_15' title="bbox 174 1854 1466 1935; baseline 0.002 -21"><span class='ocrx_word' id='word_1_119' title='bbox 174 1885 177 1892; x_wconf 92' lang='lat'><strong>·</strong></span> <span class='ocrx_word' id='word_1_120' title='bbox 255 1856 351 1916; x_wconf 88' lang='lat' dir='ltr'><strong>lectus</strong></span> <span class='ocrx_word' id='word_1_121' title='bbox 360 1854 440 1916; x_wconf 89' lang='lat' dir='ltr'><strong>lilius</strong></span> <span class='ocrx_word' id='word_1_122' title='bbox 452 1856 585 1916; x_wconf 84' lang='lat' dir='ltr'><strong>loannes</strong></span> <span class='ocrx_word' id='word_1_123' title='bbox 597 1856 863 1935; x_wconf 82' lang='lat' dir='ltr'><strong>BaptistaFurgna</strong></span> <span class='ocrx_word' id='word_1_124' title='bbox 873 1854 1047 1933; x_wconf 85' lang='lat' dir='ltr'><strong>hujusmodi</strong></span> <span class='ocrx_word' id='word_1_125' title='bbox 1065 1854 1271 1917; x_wconf 88' lang='lat' dir='ltr'><strong>nostrosdete</strong></span> <span class='ocrx_word' id='word_1_126' title='bbox 1283 1872 1404 1933; x_wconf 87' lang='lat' dir='ltr'><strong>sensus,</strong></span> <span class='ocrx_word' id='word_1_127' title='bbox 1465 1923 1466 1926; x_wconf 8' lang='grc' dir='ltr'><strong>Ἴ</strong></span> 
     </span>
     <span class='ocr_line' id='line_1_16' title="bbox 258 1949 1402 2031; baseline 0 -19"><span class='ocrx_word' id='word_1_128' title='bbox 258 1969 328 2012; x_wconf 89' lang='lat' dir='ltr'><strong>eum</strong></span> <span class='ocrx_word' id='word_1_129' title='bbox 340 1957 409 2012; x_wconf 89' lang='lat' dir='ltr'><strong>tuas</strong></span> <span class='ocrx_word' id='word_1_130' title='bbox 417 1950 505 2012; x_wconf 89' lang='lat' dir='ltr'><strong>nobis</strong></span> <span class='ocrx_word' id='word_1_131' title='bbox 518 1951 633 2013; x_wconf 88' lang='lat' dir='ltr'><strong>litteras</strong></span> <span class='ocrx_word' id='word_1_132' title='bbox 646 1950 800 2028; x_wconf 76' lang='lat' dir='ltr'><strong>redderet,</strong></span> <span class='ocrx_word' id='word_1_133' title='bbox 815 1949 873 2012; x_wconf 92' lang='lat' dir='ltr'><strong>sibi</strong></span> <span class='ocrx_word' id='word_1_134' title='bbox 882 1956 1068 2031; x_wconf 89' lang='lat' dir='ltr'><strong>perspectos,</strong></span> <span class='ocrx_word' id='word_1_135' title='bbox 1080 1950 1204 2012; x_wconf 89' lang='lat' dir='ltr'><strong>minime</strong></span> <span class='ocrx_word' id='word_1_136' title='bbox 1215 1949 1402 2028; x_wconf 89' lang='lat' dir='ltr'><strong>dubitamus,</strong></span> 
     </span>
     <span class='ocr_line' id='line_1_17' title="bbox 254 2045 1407 2127; baseline -0.001 -19"><span class='ocrx_word' id='word_1_137' title='bbox 254 2046 329 2127; x_wconf 80' lang='lat' dir='ltr'><strong>quin</strong></span> <span class='ocrx_word' id='word_1_138' title='bbox 341 2053 481 2109; x_wconf 87' lang='lat' dir='ltr'><strong>accurate</strong></span> <span class='ocrx_word' id='word_1_139' title='bbox 499 2046 591 2108; x_wconf 90' lang='lat' dir='ltr'><strong>etiam</strong></span> <span class='ocrx_word' id='word_1_140' title='bbox 607 2065 664 2126; x_wconf 90' lang='lat' dir='ltr'><strong>pro</strong></span> <span class='ocrx_word' id='word_1_141' title='bbox 684 2065 740 2109; x_wconf 90' lang='lat' dir='ltr'><strong>sua</strong></span> <span class='ocrx_word' id='word_1_142' title='bbox 757 2045 910 2126; x_wconf 75' lang='lat' dir='ltr'><strong>diligentia</strong></span> <span class='ocrx_word' id='word_1_143' title='bbox 929 2045 982 2107; x_wconf 89' lang='lat' dir='ltr'><strong>tibi</strong></span> <span class='ocrx_word' id='word_1_144' title='bbox 1002 2045 1224 2127; x_wconf 85' lang='lat' dir='ltr'><strong>perscripturus</strong></span> <span class='ocrx_word' id='word_1_145' title='bbox 1239 2045 1297 2124; x_wconf 88' lang='lat' dir='ltr'><strong>sit,</strong></span> <span class='ocrx_word' id='word_1_146' title='bbox 1313 2063 1407 2126; x_wconf 88' lang='lat' dir='ltr'><strong>quem</strong></span> 
     </span>
     <span class='ocr_line' id='line_1_18' title="bbox 255 2141 1407 2234; baseline -0.001 -28"><span class='ocrx_word' id='word_1_147' title='bbox 255 2147 335 2221; x_wconf 89' lang='lat' dir='ltr'><strong>Nos,</strong></span> <span class='ocrx_word' id='word_1_148' title='bbox 355 2144 412 2206; x_wconf 87' lang='lat' dir='ltr'><strong>etsi</strong></span> <span class='ocrx_word' id='word_1_149' title='bbox 433 2143 518 2205; x_wconf 89' lang='lat' dir='ltr'><strong>valde</strong></span> <span class='ocrx_word' id='word_1_150' title='bbox 536 2142 629 2205; x_wconf 90' lang='lat' dir='ltr'><strong>Nobis</strong></span> <span class='ocrx_word' id='word_1_151' title='bbox 649 2150 736 2206; x_wconf 90' lang='lat' dir='ltr'><strong>antea</strong></span> <span class='ocrx_word' id='word_1_152' title='bbox 759 2161 891 2224; x_wconf 48' lang='lat' dir='ltr'><strong>pro&#39;suu</strong></span> <span class='ocrx_word' id='word_1_153' title='bbox 911 2141 971 2205; x_wconf 89' lang='lat' dir='ltr'><strong>fide</strong></span> <span class='ocrx_word' id='word_1_154' title='bbox 998 2149 1029 2204; x_wconf 90' lang='lat' dir='ltr'><strong>et</strong></span> <span class='ocrx_word' id='word_1_155' title='bbox 1048 2142 1218 2234; x_wconf 76' lang='lat' dir='ltr'><strong>integritate</strong></span> <span class='ocrx_word' id='word_1_156' title='bbox 1241 2142 1407 2223; x_wconf 89' lang='lat' dir='ltr'><strong>probatum</strong></span> 
     </span>
     <span class='ocr_line' id='line_1_19' title="bbox 257 2239 1408 2321; baseline 0 -21"><span class='ocrx_word' id='word_1_157' title='bbox 257 2246 347 2319; x_wconf 78' lang='lat' dir='ltr'><strong>atque</strong></span> <span class='ocrx_word' id='word_1_158' title='bbox 362 2246 538 2321; x_wconf 87' lang='lat' dir='ltr'><strong>acceptum,</strong></span> <span class='ocrx_word' id='word_1_159' title='bbox 558 2246 611 2302; x_wconf 88' lang='lat' dir='ltr'><strong>tua</strong></span> <span class='ocrx_word' id='word_1_160' title='bbox 628 2246 730 2302; x_wconf 88' lang='lat' dir='ltr'><strong>tamen</strong></span> <span class='ocrx_word' id='word_1_161' title='bbox 749 2257 841 2301; x_wconf 88' lang='lat' dir='ltr'><strong>eausa</strong></span> <span class='ocrx_word' id='word_1_162' title='bbox 861 2256 942 2300; x_wconf 91' lang='lat' dir='ltr'><strong>nune</strong></span> <span class='ocrx_word' id='word_1_163' title='bbox 960 2239 1141 2320; x_wconf 88' lang='lat' dir='ltr'><strong>perlibenter</strong></span> <span class='ocrx_word' id='word_1_164' title='bbox 1158 2239 1351 2319; x_wconf 85' lang='lat' dir='ltr'><strong>excepimus,</strong></span> <span class='ocrx_word' id='word_1_165' title='bbox 1373 2245 1408 2300; x_wconf 87' lang='lat' dir='ltr'><strong>et</strong></span> 
     </span>
     <span class='ocr_line' id='line_1_20' title="bbox 255 2334 1407 2416; baseline 0.003 -22"><span class='ocrx_word' id='word_1_166' title='bbox 255 2335 452 2416; x_wconf 88' lang='lat' dir='ltr'><strong>imposterum</strong></span> <span class='ocrx_word' id='word_1_167' title='bbox 472 2354 592 2416; x_wconf 90' lang='lat' dir='ltr'><strong>semper</strong></span> <span class='ocrx_word' id='word_1_168' title='bbox 611 2342 664 2398; x_wconf 88' lang='lat' dir='ltr'><strong>tua</strong></span> <span class='ocrx_word' id='word_1_169' title='bbox 683 2341 880 2416; x_wconf 79' lang='lat' dir='ltr'><strong>peragentem</strong></span> <span class='ocrx_word' id='word_1_170' title='bbox 896 2353 932 2398; x_wconf 90' lang='lat' dir='ltr'><strong>ac</strong></span> <span class='ocrx_word' id='word_1_171' title='bbox 951 2335 989 2397; x_wconf 89' lang='lat' dir='ltr'><strong>ad</strong></span> <span class='ocrx_word' id='word_1_172' title='bbox 1007 2336 1069 2397; x_wconf 86' lang='lat' dir='ltr'><strong>Nos</strong></span> <span class='ocrx_word' id='word_1_173' title='bbox 1083 2334 1268 2396; x_wconf 79' lang='lat' dir='ltr'><strong>deferentem</strong></span> <span class='ocrx_word' id='word_1_174' title='bbox 1284 2335 1407 2416; x_wconf 81' lang='lat' dir='ltr'><strong>negotia</strong></span> 
     </span>
     <span class='ocr_line' id='line_1_21' title="bbox 254 2432 1406 2515; baseline 0.001 -20"><span class='ocrx_word' id='word_1_175' title='bbox 254 2433 408 2515; x_wconf 86' lang='lat' dir='ltr'><strong>excepturi</strong></span> <span class='ocrx_word' id='word_1_176' title='bbox 425 2445 540 2496; x_wconf 80' lang='lat' dir='ltr'><strong>sumus.</strong></span> <span class='ocrx_word' id='word_1_177' title='bbox 558 2433 607 2495; x_wconf 84' lang='lat' dir='ltr'><strong>Ab</strong></span> <span class='ocrx_word' id='word_1_178' title='bbox 619 2432 728 2498; x_wconf 88' lang='lat' dir='ltr'><strong>eodem</strong></span> <span class='ocrx_word' id='word_1_179' title='bbox 739 2440 770 2493; x_wconf 91' lang='lat' dir='ltr'><strong>et</strong></span> <span class='ocrx_word' id='word_1_180' title='bbox 787 2433 880 2496; x_wconf 91' lang='lat' dir='ltr'><strong>modo</strong></span> <span class='ocrx_word' id='word_1_181' title='bbox 892 2440 1039 2514; x_wconf 87' lang='lat' dir='ltr'><strong>quantam</strong></span> <span class='ocrx_word' id='word_1_182' title='bbox 1050 2434 1272 2515; x_wconf 87' lang='lat' dir='ltr'><strong>postulatorum</strong></span> <span class='ocrx_word' id='word_1_183' title='bbox 1282 2440 1406 2497; x_wconf 87' lang='lat' dir='ltr'><strong>tunmm</strong></span> 
     </span>
     <span class='ocr_line' id='line_1_22' title="bbox 255 2530 1405 2617; baseline 0.002 -25"><span class='ocrx_word' id='word_1_184' title='bbox 255 2530 404 2593; x_wconf 70' lang='lat' dir='ltr'><strong>rabonem</strong></span> <span class='ocrx_word' id='word_1_185' title='bbox 415 2550 472 2617; x_wconf 90' lang='lat' dir='ltr'><strong>pro</strong></span> <span class='ocrx_word' id='word_1_186' title='bbox 494 2531 629 2613; x_wconf 85' lang='lat' dir='ltr'><strong>peculari</strong></span> <span class='ocrx_word' id='word_1_187' title='bbox 646 2537 751 2593; x_wconf 92' lang='lat' dir='ltr'><strong>nostro</strong></span> <span class='ocrx_word' id='word_1_188' title='bbox 769 2531 800 2592; x_wconf 91' lang='lat' dir='ltr'><strong>in</strong></span> <span class='ocrx_word' id='word_1_189' title='bbox 813 2538 843 2594; x_wconf 88' lang='lat' dir='ltr'><strong>te</strong></span> <span class='ocrx_word' id='word_1_190' title='bbox 855 2531 954 2594; x_wconf 89' lang='lat' dir='ltr'><strong>studio</strong></span> <span class='ocrx_word' id='word_1_191' title='bbox 968 2532 1152 2610; x_wconf 87' lang='lat' dir='ltr'><strong>habeamus,</strong></span> <span class='ocrx_word' id='word_1_192' title='bbox 1165 2537 1196 2594; x_wconf 90' lang='lat' dir='ltr'><strong>et</strong></span> <span class='ocrx_word' id='word_1_193' title='bbox 1209 2531 1284 2612; x_wconf 90' lang='lat' dir='ltr'><strong>quid</strong></span> <span class='ocrx_word' id='word_1_194' title='bbox 1298 2539 1405 2613; x_wconf 88' lang='lat' dir='ltr'><strong>postea</strong></span> 
     </span>
     <span class='ocr_line' id='line_1_23' title="bbox 256 2627 1409 2710; baseline -0.006 -16"><span class='ocrx_word' id='word_1_195' title='bbox 256 2629 293 2694; x_wconf 78' lang='lat' dir='ltr'><strong>de</strong></span> <span class='ocrx_word' id='word_1_196' title='bbox 315 2628 422 2693; x_wconf 88' lang='lat' dir='ltr'><strong>iisdem</strong></span> <span class='ocrx_word' id='word_1_197' title='bbox 446 2629 585 2710; x_wconf 86' lang='lat' dir='ltr'><strong>expensis</strong></span> <span class='ocrx_word' id='word_1_198' title='bbox 604 2628 745 2692; x_wconf 91' lang='lat' dir='ltr'><strong>omuibus</strong></span> <span class='ocrx_word' id='word_1_199' title='bbox 761 2627 851 2690; x_wconf 84' lang='lat' dir='ltr'><strong>inerit</strong></span> <span class='ocrx_word' id='word_1_200' title='bbox 870 2628 1070 2691; x_wconf 90' lang='lat' dir='ltr'><strong>constitutum</strong></span> <span class='ocrx_word' id='word_1_201' title='bbox 1092 2628 1252 2710; x_wconf 83' lang='lat' dir='ltr'><strong>intelliges.</strong></span> <span class='ocrx_word' id='word_1_202' title='bbox 1276 2631 1409 2691; x_wconf 86' lang='lat' dir='ltr'><strong>Demum</strong></span> 
     </span>
    </p>
   </div>
   <div class='ocr_carea' id='block_1_3' title="bbox 254 2723 1411 3385">
    <p class='ocr_par' dir='ltr' id='par_1_3' title="bbox 254 2723 1411 3385">
     <span class='ocr_line' id='line_1_24' title="bbox 255 2723 1408 2806; baseline -0.003 -18"><span class='ocrx_word' id='word_1_203' title='bbox 255 2727 352 2788; x_wconf 85' lang='lat' dir='ltr'><strong>Deum</strong></span> <span class='ocrx_word' id='word_1_204' title='bbox 378 2725 533 2806; x_wconf 88' lang='lat' dir='ltr'><strong>Optimum</strong></span> <span class='ocrx_word' id='word_1_205' title='bbox 555 2724 722 2787; x_wconf 83' lang='lat' dir='ltr'><strong>Maximum</strong></span> <span class='ocrx_word' id='word_1_206' title='bbox 734 2725 944 2801; x_wconf 86' lang='lat' dir='ltr'><strong>obsecrantes,</strong></span> <span class='ocrx_word' id='word_1_207' title='bbox 959 2731 994 2786; x_wconf 89' lang='lat' dir='ltr'><strong>ut</strong></span> <span class='ocrx_word' id='word_1_208' title='bbox 1008 2723 1100 2786; x_wconf 90' lang='lat' dir='ltr'><strong>animi</strong></span> <span class='ocrx_word' id='word_1_209' title='bbox 1122 2725 1166 2786; x_wconf 90' lang='lat' dir='ltr'><strong>tui</strong></span> <span class='ocrx_word' id='word_1_210' title='bbox 1179 2725 1322 2786; x_wconf 87' lang='lat' dir='ltr'><strong>virtutem</strong></span> <span class='ocrx_word' id='word_1_211' title='bbox 1344 2741 1408 2784; x_wconf 81' lang='lat' dir='ltr'><strong>sna</strong></span> 
     </span>
     <span class='ocr_line' id='line_1_25' title="bbox 254 2819 1405 2902; baseline -0.005 -17"><span class='ocrx_word' id='word_1_212' title='bbox 254 2825 356 2902; x_wconf 79' lang='lat' dir='ltr'><strong>gratia</strong></span> <span class='ocrx_word' id='word_1_213' title='bbox 378 2823 408 2883; x_wconf 86' lang='lat' dir='ltr'><strong>vi</strong></span> <span class='ocrx_word' id='word_1_214' title='bbox 435 2823 474 2884; x_wconf 88' lang='lat' dir='ltr'><strong>ad</strong></span> <span class='ocrx_word' id='word_1_215' title='bbox 497 2828 618 2882; x_wconf 91' lang='lat' dir='ltr'><strong>tantum</strong></span> <span class='ocrx_word' id='word_1_216' title='bbox 639 2819 847 2882; x_wconf 85' lang='lat' dir='ltr'><strong>sustinendum</strong></span> <span class='ocrx_word' id='word_1_217' title='bbox 873 2838 984 2883; x_wconf 90' lang='lat' dir='ltr'><strong>munus</strong></span> <span class='ocrx_word' id='word_1_218' title='bbox 1003 2820 1185 2896; x_wconf 82' lang='lat' dir='ltr'><strong>confirmet,</strong></span> <span class='ocrx_word' id='word_1_219' title='bbox 1212 2839 1248 2880; x_wconf 90' lang='lat' dir='ltr'><strong>ae</strong></span> <span class='ocrx_word' id='word_1_220' title='bbox 1267 2819 1405 2896; x_wconf 85' lang='lat' dir='ltr'><strong>roboret,</strong></span> 
     </span>
     <span class='ocr_line' id='line_1_26' title="bbox 256 2915 1411 3000; baseline -0.005 -19"><span class='ocrx_word' id='word_1_221' title='bbox 256 2937 422 3000; x_wconf 85' lang='lat' dir='ltr'><strong>omnesque</strong></span> <span class='ocrx_word' id='word_1_222' title='bbox 447 2918 502 2979; x_wconf 89' lang='lat' dir='ltr'><strong>tibi</strong></span> <span class='ocrx_word' id='word_1_223' title='bbox 529 2936 565 2980; x_wconf 89' lang='lat' dir='ltr'><strong>ae</strong></span> <span class='ocrx_word' id='word_1_224' title='bbox 583 2916 764 2996; x_wconf 81' lang='lat' dir='ltr'><strong>Mogontinae</strong></span> <span class='ocrx_word' id='word_1_225' title='bbox 787 2916 926 2978; x_wconf 78' lang='lat' dir='ltr'><strong>Ecclesia</strong></span> <span class='ocrx_word' id='word_1_226' title='bbox 949 2915 1118 2977; x_wconf 85' lang='lat' dir='ltr'><strong>deferentes</strong></span> <span class='ocrx_word' id='word_1_227' title='bbox 1144 2922 1276 2996; x_wconf 82' lang='lat' dir='ltr'><strong>paterna</strong></span> <span class='ocrx_word' id='word_1_228' title='bbox 1295 2921 1411 2976; x_wconf 78' lang='lat' dir='ltr'><strong>nostrae</strong></span> 
     </span>
     <span class='ocr_line' id='line_1_27' title="bbox 258 3008 1400 3098; baseline -0.007 -21"><span class='ocrx_word' id='word_1_229' title='bbox 258 3015 422 3079; x_wconf 87' lang='lat' dir='ltr'><strong>voluntatis</strong></span> <span class='ocrx_word' id='word_1_230' title='bbox 444 3014 560 3079; x_wconf 79' lang='lat' dir='ltr'><strong>fructus</strong></span> <span class='ocrx_word' id='word_1_231' title='bbox 589 3012 786 3094; x_wconf 88' lang='lat' dir='ltr'><strong>apostolicam</strong></span> <span class='ocrx_word' id='word_1_232' title='bbox 806 3009 1058 3078; x_wconf 86' lang='lat' dir='ltr'><strong>¹benedictionem</strong></span> <span class='ocrx_word' id='word_1_233' title='bbox 1086 3009 1166 3087; x_wconf 85' lang='lat' dir='ltr'><strong>tibi,</strong></span> <span class='ocrx_word' id='word_1_234' title='bbox 1190 3009 1299 3072; x_wconf 87' lang='lat' dir='ltr'><strong>dilecte</strong></span> <span class='ocrx_word' id='word_1_235' title='bbox 1328 3008 1400 3098; x_wconf 87' lang='lat' dir='ltr'><strong>fili,</strong></span> 
     </span>
     <span class='ocr_line' id='line_1_28' title="bbox 256 3109 1406 3196; baseline -0.007 -19"><span class='ocrx_word' id='word_1_236' title='bbox 256 3113 442 3196; x_wconf 89' lang='lat' dir='ltr'><strong>amplissimo</strong></span> <span class='ocrx_word' id='word_1_237' title='bbox 466 3111 626 3196; x_wconf 83' lang='lat' dir='ltr'><strong>pontificia</strong></span> <span class='ocrx_word' id='word_1_238' title='bbox 648 3110 783 3174; x_wconf 86' lang='lat' dir='ltr'><strong>caritatis</strong></span> <span class='ocrx_word' id='word_1_239' title='bbox 808 3109 981 3172; x_wconf 87' lang='lat' dir='ltr'><strong>testimonio</strong></span> <span class='ocrx_word' id='word_1_240' title='bbox 1005 3110 1192 3172; x_wconf 83' lang='lat' dir='ltr'><strong>cumulatam</strong></span> <span class='ocrx_word' id='word_1_241' title='bbox 1213 3115 1406 3192; x_wconf 88' lang='lat' dir='ltr'><strong>peramanter</strong></span> 
     </span>
     <span class='ocr_line' id='line_1_29' title="bbox 256 3206 1407 3296; baseline -0.007 -21"><span class='ocrx_word' id='word_1_242' title='bbox 256 3214 455 3296; x_wconf 85' lang='lat' dir='ltr'><strong>impertimur.</strong></span> <span class='ocrx_word' id='word_1_243' title='bbox 479 3215 592 3276; x_wconf 75' lang='lat' dir='ltr'><strong>Dotem</strong></span> <span class='ocrx_word' id='word_1_244' title='bbox 609 3214 729 3280; x_wconf 81' lang='lat' dir='ltr'><strong>Romae,</strong></span> <span class='ocrx_word' id='word_1_245' title='bbox 750 3210 833 3288; x_wconf 82' lang='lat' dir='ltr'><strong>opud</strong></span> <span class='ocrx_word' id='word_1_246' title='bbox 851 3210 996 3270; x_wconf 85' lang='lat' dir='ltr'><strong>Sanctam</strong></span> <span class='ocrx_word' id='word_1_247' title='bbox 1018 3210 1148 3268; x_wconf 71' lang='lat' dir='ltr'><strong>Marium</strong></span> <span class='ocrx_word' id='word_1_248' title='bbox 1162 3207 1326 3286; x_wconf 74' lang='lat' dir='ltr'><strong>Majorem,</strong></span> <span class='ocrx_word' id='word_1_249' title='bbox 1352 3206 1407 3267; x_wconf 79' lang='lat' dir='ltr'><strong>acl&gt;</strong></span> 
     </span>
     <span class='ocr_line' id='line_1_30' title="bbox 255 3308 1402 3385; baseline -0.007 -13"><span class='ocrx_word' id='word_1_250' title='bbox 255 3314 378 3375; x_wconf 81' lang='lat' dir='ltr'><strong>Annulo</strong></span> <span class='ocrx_word' id='word_1_251' title='bbox 389 3314 565 3383; x_wconf 76' lang='lat' dir='ltr'><strong>Piscatoria,</strong></span> <span class='ocrx_word' id='word_1_252' title='bbox 576 3311 626 3373; x_wconf 79' lang='lat' dir='ltr'><strong>die</strong></span> <span class='ocrx_word' id='word_1_253' title='bbox 642 3310 789 3385; x_wconf 72' lang='lat' dir='ltr'><strong>sanquali</strong></span> <span class='ocrx_word' id='word_1_254' title='bbox 805 3317 893 3383; x_wconf 79' lang='lat'><strong>1774,</strong></span> <span class='ocrx_word' id='word_1_255' title='bbox 901 3308 1205 3385; x_wconf 78' lang='lat' dir='ltr'><strong>pontiflcatrunortri</strong></span> <span class='ocrx_word' id='word_1_256' title='bbox 1215 3323 1295 3368; x_wconf 81' lang='lat' dir='ltr'><strong>oeno</strong></span> <span class='ocrx_word' id='word_1_257' title='bbox 1305 3309 1402 3366; x_wconf 76' lang='lat' dir='ltr'><strong>sento.</strong></span> 
     </span>
    </p>
   </div>
   <div class='ocr_carea' id='block_1_4' title="bbox 725 3430 909 3440">
    <p class='ocr_par' dir='ltr' id='par_1_4' title="bbox 725 3430 909 3440">
     <span class='ocr_line' id='line_1_31' title="bbox 725 3430 909 3440; baseline -0.011 0"><span class='ocrx_word' id='word_1_258' title='bbox 725 3430 909 3440; x_wconf 76' lang='lat'>————</span> 
     </span>
    </p>
   </div>
   <div class='ocr_carea' id='block_1_5' title="bbox 721 3539 932 3610">
    <p class='ocr_par' dir='ltr' id='par_1_5' title="bbox 721 3539 932 3610">
     <span class='ocr_line' id='line_1_32' title="bbox 721 3539 932 3610; baseline 0 -1"><span class='ocrx_word' id='word_1_259' title='bbox 721 3539 932 3610; x_wconf 89' lang='lat' dir='ltr'><strong>CCLXXXll.</strong></span> 
     </span>
    </p>
   </div>
   <div class='ocr_carea' id='block_1_6' title="bbox 326 3689 1334 3891">
    <p class='ocr_par' dir='ltr' id='par_1_6' title="bbox 326 3689 1334 3891">
     <span class='ocr_line' id='line_1_33' title="bbox 477 3689 1185 3743; baseline -0.004 -2"><span class='ocrx_word' id='word_1_260' title='bbox 477 3689 703 3743; x_wconf 69' lang='lat' dir='ltr'><strong>bruncrmsrun</strong></span> <span class='ocrx_word' id='word_1_261' title='bbox 725 3699 760 3740; x_wconf 82' lang='lat' dir='ltr'><strong>m</strong></span> <span class='ocrx_word' id='word_1_262' title='bbox 783 3697 916 3740; x_wconf 81' lang='lat' dir='ltr'><strong>cunrsro</strong></span> <span class='ocrx_word' id='word_1_263' title='bbox 937 3698 1034 3740; x_wconf 71' lang='lat' dir='ltr'><strong>murm</strong></span> <span class='ocrx_word' id='word_1_264' title='bbox 1056 3694 1185 3740; x_wconf 71' lang='lat' dir='ltr'><strong>nosram</strong></span> 
     </span>
     <span class='ocr_line' id='line_1_34' title="bbox 326 3801 1334 3891; baseline -0.007 -23"><span class='ocrx_word' id='word_1_265' title='bbox 326 3806 504 3868; x_wconf 78' lang='lat' dir='ltr'>ALOYSIAE</span> <span class='ocrx_word' id='word_1_266' title='bbox 523 3805 661 3891; x_wconf 76' lang='lat' dir='ltr'>MARIAE</span> <span class='ocrx_word' id='word_1_267' title='bbox 680 3804 812 3866; x_wconf 78' lang='lat' dir='ltr'>REGIAE</span> <span class='ocrx_word' id='word_1_268' title='bbox 833 3801 1062 3865; x_wconf 76' lang='lat' dir='ltr'>GALLIARUM</span> <span class='ocrx_word' id='word_1_269' title='bbox 1081 3801 1334 3863; x_wconf 76' lang='lat' dir='ltr'><strong>Pulnulrlssm</strong></span> 
     </span>
    </p>
   </div>
   <div class='ocr_carea' id='block_1_7' title="bbox 566 3905 1093 4006">
    <p class='ocr_par' dir='ltr' id='par_1_7' title="bbox 566 3905 1093 4006">
     <span class='ocr_line' id='line_1_35' title="bbox 566 3905 1093 4006; baseline -0.008 -1"><span class='ocrx_word' id='word_1_270' title='bbox 566 3924 799 4006; x_wconf 70' lang='lat' dir='ltr'><strong>crunnus</strong></span> <span class='ocrx_word' id='word_1_271' title='bbox 826 3905 956 4006; x_wconf 77' lang='lat' dir='ltr'><strong>rnen</strong></span> <span class='ocrx_word' id='word_1_272' title='bbox 983 3918 1093 4004; x_wconf 77' lang='lat' dir='ltr'><strong>xlv,-</strong></span> 
     </span>
    </p>
   </div>
   <div class='ocr_carea' id='block_1_8' title="bbox 1016 4072 1341 4136">
    <p class='ocr_par' dir='ltr' id='par_1_8' title="bbox 1016 4072 1341 4136">
     <span class='ocr_line' id='line_1_36' title="bbox 1016 4072 1341 4136; baseline -0.022 -10"><span class='ocrx_word' id='word_1_273' title='bbox 1016 4078 1108 4136; x_wconf 81' lang='lat' dir='ltr'><strong>nome,</strong></span> <span class='ocrx_word' id='word_1_274' title='bbox 1124 4080 1152 4124; x_wconf 83' lang='lat' dir='ltr'><strong>tu</strong></span> <span class='ocrx_word' id='word_1_275' title='bbox 1163 4072 1256 4135; x_wconf 78' lang='lat' dir='ltr'><strong>augusti</strong></span> <span class='ocrx_word' id='word_1_276' title='bbox 1274 4075 1341 4122; x_wconf 78' lang='lat'><strong>1⁷74.</strong></span> 
     </span>
    </p>
   </div>
   <div class='ocr_carea' id='block_1_9' title="bbox 256 4178 1416 4631">
    <p class='ocr_par' dir='ltr' id='par_1_9' title="bbox 256 4178 1405 4556">
     <span class='ocr_line' id='line_1_37' title="bbox 300 4178 1402 4264; baseline -0.005 -19"><span class='ocrx_word' id='word_1_277' title='bbox 300 4184 516 4255; x_wconf 73' lang='lat' dir='ltr'><strong>Dilectissimo,</strong></span> <span class='ocrx_word' id='word_1_278' title='bbox 538 4191 593 4246; x_wconf 84' lang='lat' dir='ltr'><strong>etc.</strong></span> <span class='ocrx_word' id='word_1_279' title='bbox 609 4183 699 4245; x_wconf 88' lang='lat' dir='ltr'><strong>Binas</strong></span> <span class='ocrx_word' id='word_1_280' title='bbox 713 4182 821 4246; x_wconf 84' lang='lat' dir='ltr'><strong>eodem</strong></span> <span class='ocrx_word' id='word_1_281' title='bbox 835 4190 972 4264; x_wconf 86' lang='lat' dir='ltr'><strong>tempore</strong></span> <span class='ocrx_word' id='word_1_282' title='bbox 983 4184 1038 4245; x_wconf 84' lang='lat' dir='ltr'><strong>abs</strong></span> <span class='ocrx_word' id='word_1_283' title='bbox 1050 4184 1082 4245; x_wconf 87' lang='lat' dir='ltr'><strong>te</strong></span> <span class='ocrx_word' id='word_1_284' title='bbox 1091 4181 1209 4244; x_wconf 89' lang='lat' dir='ltr'><strong>litteras</strong></span> <span class='ocrx_word' id='word_1_285' title='bbox 1221 4178 1402 4259; x_wconf 83' lang='lat' dir='ltr'><strong>accepimus,</strong></span> 
     </span>
     <span class='ocr_line' id='line_1_38' title="bbox 257 4275 1405 4361; baseline -0.004 -21"><span class='ocrx_word' id='word_1_286' title='bbox 257 4280 365 4360; x_wconf 92' lang='lat' dir='ltr'><strong>quibus</strong></span> <span class='ocrx_word' id='word_1_287' title='bbox 378 4286 532 4361; x_wconf 82' lang='lat' dir='ltr'><strong>pergratas</strong></span> <span class='ocrx_word' id='word_1_288' title='bbox 545 4279 600 4341; x_wconf 91' lang='lat' dir='ltr'><strong>tibi</strong></span> <span class='ocrx_word' id='word_1_289' title='bbox 619 4279 710 4341; x_wconf 89' lang='lat' dir='ltr'><strong>luisse</strong></span> <span class='ocrx_word' id='word_1_290' title='bbox 723 4286 855 4360; x_wconf 82' lang='lat' dir='ltr'><strong>paternae</strong></span> <span class='ocrx_word' id='word_1_291' title='bbox 868 4286 976 4342; x_wconf 84' lang='lat' dir='ltr'><strong>nostre</strong></span> <span class='ocrx_word' id='word_1_292' title='bbox 990 4298 1026 4341; x_wconf 90' lang='lat' dir='ltr'><strong>ae</strong></span> <span class='ocrx_word' id='word_1_293' title='bbox 1038 4278 1175 4360; x_wconf 81' lang='lat' dir='ltr'><strong>plurima</strong></span> <span class='ocrx_word' id='word_1_294' title='bbox 1191 4293 1262 4355; x_wconf 79' lang='lat' dir='ltr'><strong>erga</strong></span> <span class='ocrx_word' id='word_1_295' title='bbox 1276 4281 1306 4335; x_wconf 90' lang='lat' dir='ltr'><strong>te</strong></span> <span class='ocrx_word' id='word_1_296' title='bbox 1324 4275 1405 4336; x_wconf 76' lang='lat' dir='ltr'><strong>can-</strong></span> 
     </span>
     <span class='ocr_line' id='line_1_39' title="bbox 256 4372 1400 4458; baseline -0.007 -18"><span class='ocrx_word' id='word_1_297' title='bbox 256 4379 326 4440; x_wconf 90' lang='lat' dir='ltr'><strong>tatis</strong></span> <span class='ocrx_word' id='word_1_298' title='bbox 337 4377 566 4457; x_wconf 82' lang='lat' dir='ltr'><strong>significationes</strong></span> <span class='ocrx_word' id='word_1_299' title='bbox 580 4378 745 4439; x_wconf 91' lang='lat' dir='ltr'><strong>luculenter</strong></span> <span class='ocrx_word' id='word_1_300' title='bbox 758 4394 813 4458; x_wconf 92' lang='lat' dir='ltr'><strong>pro</strong></span> <span class='ocrx_word' id='word_1_301' title='bbox 827 4376 936 4440; x_wconf 89' lang='lat' dir='ltr'><strong>eximia</strong></span> <span class='ocrx_word' id='word_1_302' title='bbox 950 4383 1003 4439; x_wconf 91' lang='lat' dir='ltr'><strong>tua</strong></span> <span class='ocrx_word' id='word_1_303' title='bbox 1013 4377 1044 4438; x_wconf 89' lang='lat' dir='ltr'><strong>in</strong></span> <span class='ocrx_word' id='word_1_304' title='bbox 1055 4379 1116 4438; x_wconf 89' lang='lat' dir='ltr'><strong>Nos</strong></span> <span class='ocrx_word' id='word_1_305' title='bbox 1129 4375 1242 4457; x_wconf 89' lang='lat' dir='ltr'><strong>pietate</strong></span> <span class='ocrx_word' id='word_1_306' title='bbox 1255 4372 1400 4433; x_wconf 86' lang='lat' dir='ltr'><strong>declaras.</strong></span> 
     </span>
     <span class='ocr_line' id='line_1_40' title="bbox 257 4467 1403 4556; baseline -0.009 -19"><span class='ocrx_word' id='word_1_307' title='bbox 257 4478 319 4537; x_wconf 85' lang='lat' dir='ltr'><strong>llac</strong></span> <span class='ocrx_word' id='word_1_308' title='bbox 333 4475 398 4556; x_wconf 91' lang='lat' dir='ltr'><strong>ipsa</strong></span> <span class='ocrx_word' id='word_1_309' title='bbox 412 4474 531 4556; x_wconf 90' lang='lat' dir='ltr'><strong>pietatis</strong></span> <span class='ocrx_word' id='word_1_310' title='bbox 545 4480 601 4536; x_wconf 83' lang='lat' dir='ltr'><strong>tue</strong></span> <span class='ocrx_word' id='word_1_311' title='bbox 616 4474 726 4536; x_wconf 86' lang='lat' dir='ltr'><strong>fidncia</strong></span> <span class='ocrx_word' id='word_1_312' title='bbox 740 4472 875 4551; x_wconf 90' lang='lat' dir='ltr'><strong>excitati,</strong></span> <span class='ocrx_word' id='word_1_313' title='bbox 890 4472 1081 4535; x_wconf 88' lang='lat' dir='ltr'><strong>dilectissima</strong></span> <span class='ocrx_word' id='word_1_314' title='bbox 1094 4473 1125 4533; x_wconf 95' lang='lat' dir='ltr'><strong>in</strong></span> <span class='ocrx_word' id='word_1_315' title='bbox 1134 4470 1252 4533; x_wconf 85' lang='lat' dir='ltr'><strong>Christo</strong></span> <span class='ocrx_word' id='word_1_316' title='bbox 1262 4467 1323 4530; x_wconf 87' lang='lat' dir='ltr'><strong>filia</strong></span> <span class='ocrx_word' id='word_1_317' title='bbox 1335 4484 1403 4529; x_wconf 93' lang='lat' dir='ltr'><strong>uos-</strong></span> 
     </span>
    </p>

    <p class='ocr_par' dir='ltr' id='par_1_10' title="bbox 1250 4581 1416 4631">
     <span class='ocr_line' id='line_1_41' title="bbox 1250 4581 1416 4631; baseline 0 -1"><span class='ocrx_word' id='word_1_318' title='bbox 1250 4581 1294 4631; x_wconf 78' lang='lat' dir='ltr'><strong>at.</strong></span> <span class='ocrx_word' id='word_1_319' title='bbox 1413 4589 1416 4593; x_wconf 88' lang='grc'>’</span> 
     </span>
    </p>
   </div>
   <div class='ocr_carea' id='block_1_10' title="bbox 0 0 1598 5414">
    <p class='ocr_par' dir='ltr' id='par_1_11' title="bbox 0 0 1598 5414">
     <span class='ocr_line' id='line_1_42' title="bbox 0 0 1598 5414; baseline 0 0"><span class='ocrx_word' id='word_1_320' title='bbox 0 0 1598 5414; x_wconf 95' lang='lat' dir='ltr'><strong> </strong></span> 
     </span>
    </p>
   </div>
  </div>
 </body>
</html>
