3188 5414
356 477 358 480 ⁴
470 493 652 564 arrsronu
670 509 867 581 ur'nnuvrl
886 510 1139 582 subactione,
1284 584 1289 595 Ι
1320 516 1370 566 nro

223 616 382 678 luntatem.
391 613 479 688 Quod
491 631 562 675 vero
578 613 617 674 de
636 606 749 675 nostra
758 632 830 695 erga
844 633 898 677 vos
913 615 1120 677 benevolentia
1136 615 1300 693 conliditis,
1313 634 1371 678 vo-

224 710 542 794 bisquepollicemini,
553 712 584 774 id
599 714 742 793 preclare
760 730 832 775 cum
846 720 950 777 nostra
963 733 1039 795 erga
1051 733 1105 777 vos
1123 715 1278 797 pontificia
1289 718 1371 779 cari-

222 822 285 879 tate
297 812 457 876 consentit.
467 813 577 887 Qtroles
587 811 678 892 igitur
696 829 769 892 erga
783 812 958 891 rescimus,
978 830 1015 876 ea
1031 819 1131 874 vestra
1144 813 1176 876 in
1188 814 1251 875 Nos
1266 813 1370 876 obser·

221 910 334 988 cantia,
345 910 553 973 acdevotione
563 909 742 972 existimate.
754 896 830 972 Cum
839 910 921 972 enim
930 916 995 973 tam
1002 909 1371 994 tidelesoboequantesquc

222 1011 300 1072 tilios
311 1028 366 1073 vos
376 1028 440 1072 essa
451 1008 672 1091 profiteamini,
686 1014 822 1070 nostram
839 1009 972 1089 parentis
986 1009 1138 1091 experturi
1158 1027 1277 1091 semper
1289 1009 1372 1072 eritis

223 1107 476 1186 benevolentiam,
484 1125 661 1189 semperque
668 1105 754 1169 vobis
760 1106 899 1188 presidia
908 1107 989 1188 apud
995 1109 1057 1170 Nos
1066 1113 1175 1189 prosto
1183 1125 1248 1171 esse
1254 1109 1369 1187 omnia,

220 1223 320 1287 neque
334 1207 413 1268 ullos
425 1206 560 1269 caritatis
573 1212 681 1268 nostre
697 1204 815 1266 ⁴tructus
826 1204 856 1266 in
876 1205 937 1266 boe
950 1205 1042 1268 ctiam
1053 1204 1214 1286 collegium
1225 1212 1369 1282 vestrum,

222 1312 253 1366 nt
273 1305 457 1386 quicumque
471 1312 559 1382 sun't,
577 1301 634 1384 qui
649 1303 688 1364 ad
702 1309 833 1364 vestram
852 1302 1011 1365 Nationem
1035 1303 1203 1384 pertinent,
1227 1303 1371 1384 vobisque

222 1402 458 1481 conjunguntur,
479 1420 536 1482 pro
558 1399 784 1482 opportunitate
801 1399 956 1463 delutums
975 1399 1119 1462 sentietis.
1132 1393 1177 1462 be
1188 1417 1250 1481 qua
1267 1408 1370 1463 nostra

221 1500 376 1562 voluntate
388 1500 509 1564 uberius
523 1500 666 1562 certiores
675 1516 729 1559 vos
741 1496 831 1559 laniet
841 1497 970 1558 dilectus
979 1497 1058 1559 tilius
1071 1499 1221 1560 Cesareus
1229 1495 1268 1558 de
1281 1499 1372 1559 Neus·

222 1596 303 1658 tedia
314 1597 521 1659 Missionarius
537 1596 760 1677 Gappuccinus,
775 1593 826 1674 qui
841 1593 985 1656 mandata
998 1594 1036 1655 ad
1055 1596 1116 1656 Nos
1127 1600 1226 1656 vestra
1242 1593 1372 1674 diligen-

222 1695 337 1756 tissime
355 1695 514 1757 nobisoum
527 1713 670 1775 peragere
684 1693 802 1772 sategit.
817 1695 946 1755 Demum
966 1693 1137 1774 apostolieae
1151 1700 1209 1755 tua
1222 1693 1371 1755 sollicitu-

219 1792 283 1853 dini
299 1811 334 1853 ac
345 1811 424 1853 curae
436 1792 632 1853 commissum
646 1789 700 1851 tibi
710 1807 831 1869 gregem
847 1789 1069 1851 accuratissime
1082 1788 1329 1851 commendantes
1340 1788 1370 1848 in

134 1938 138 1949 .
186 1959 198 1967 ·
218 1889 380 1968 pontilicis¹
390 1888 523 1950 caritatis
537 1887 647 1968 pignus
655 1885 852 1966 apostolicam
860 1885 1100 1948 benedictionem
1109 1885 1372 1962 tibi‚Venerabilis

219 1989 336 2064 Frater,
351 1988 553 2067 universeque
571 1985 620 2047 isti
640 1984 753 2045 nationi
777 1990 969 2062 peramanter
988 1983 1188 2064 impertimur.
1201 1986 1314 2046 Datum
1337 1987 1371 2042 in

221 2085 297 2144 Aroe
310 2085 487 2164 (landulphi
498 2084 680 2146 albonensis
691 2082 825 2142 dioecesis
835 2081 888 2141 sub
900 2083 1014 2142 annulo
1023 2085 1201 2152 Piscatoris,
1213 2082 1264 2142 die
1278 2093 1312 2142 tu
1322 2099 1370 2140 oc·

220 2181 314 2241 tobrts
331 2192 417 2258 ltro,
424 2176 623 2260 pontificatus
635 2182 732 2241 nostri
748 2197 829 2239 cuno
841 2177 979 2238 seeundo.

745 2408 840 2478 CVII.

673 2565 803 2609 nrnncso
824 2566 911 2608 ursio
988 2555 990 2558 ’

527 2667 752 2728 GHASTENET
771 2669 823 2729 bb
843 2671 1059 2742 PUYSEGUR‚
1092 2686 1095 2692 ·

268 2780 449 2828 rnnrosrro
464 2777 913 2832 unmnsnr'coneanerrmnrs
929 2784 1096 2833 nocturna
1112 2784 1323 2841 censurius,

528 2886 765 2966 cenninus
792 2892 930 2990 rann,
947 2891 1055 2966 xrv.

815 3038 912 3088 castelli
922 3038 1070 3101 candulphi,
1084 3043 1110 3086 lo
1121 3037 1227 3086 octobris
1239 3039 1306 3085 1770.

263 3141 392 3210 Dilecto,
406 3145 462 3202 etc.
472 3141 510 3200 Et
524 3146 554 3202 te
571 3147 602 3202 et
613 3140 701 3203 istam
715 3148 773 3205 tuae
786 3162 866 3205 cura
880 3143 991 3206 iterum
1004 3141 1200 3206 commissam
1210 3159 1372 3224 congrega-

224 3239 337 3300 tionem
349 3244 474 3318 paterno
487 3237 575 3317 plane
587 3239 819 3319 complectimur
830 3240 933 3304 animo
942 3245 952 3317 ,'
966 3241 1073 3322 deque
1085 3247 1220 3303 vestrum
1234 3241 1372 3312 numium

221 3355 293 3416 erga
313 3337 390 3413 Nos,
406 3354 443 3398 ac
456 3334 654 3417 apostolicam
668 3336 748 3398 banc
759 3336 868 3399 Sedern
881 3337 1091 3415 observantia,
1105 3338 1236 3419 pietate,
1253 3336 1372 3419 tldeque

225 3432 358 3514 persuasi
372 3439 487 3497 vestras
498 3453 548 3496 res
557 3451 663 3497 omnes
674 3433 987 3498 commendatissimas
995 3435 1088 3498 Nobis
1101 3453 1167 3497 esse
1179 3435 1369 3516 profitemur.

220 3532 400 3609 Huiusmodi
417 3534 511 3595 nostri
523 3552 593 3613 erga
608 3551 663 3595 vos
674 3533 767 3594 animi
782 3533 867 3595 testis
878 3552 944 3596 esse
954 3533 1208 3615 locupletissimus
1218 3532 1373 3613 potestdi·

224 3629 320 3695 lectus
329 3628 408 3692 tilius
421 3629 598 3693 Valentinus
606 3636 710 3692 vestre
723 3631 963 3710 congregationis
972 3629 1128 3707 sacerdos,
1139 3647 1232 3710 quem
1240 3649 1296 3692 suo
1309 3646 1372 3692 rue-

221 3725 279 3787 ritn
288 3725 409 3806 plurimi
419 3724 558 3803 lecimus,
568 3733 599 3787 et
609 3727 697 3805 cujus
705 3727 832 3808 proinde
843 3728 950 3789 crebra
963 3726 1179 3790 consuetudine
1192 3726 1371 3808 perlibenter

222 3824 346 3887 utimur.
361 3826 471 3904 Magna
485 3824 579 3904 ipsius
598 3844 664 3887 esse
680 3845 751 3906 erga
771 3833 802 3888 te
824 3833 969 3907 tuamque
990 3825 1253 3908 congregationem
1272 3823 1371 3888 studia

221 3921 356 4000 pristinis
374 3921 494 4000 jamdiu
516 3940 593 4002 sepe
615 3923 794 3986 confirmata
820 3918 929 3985 olilciis
950 3924 1093 4003 preclare
1114 3923 1264 3986 novimus
1288 3920 1370 3983 Idam

221 4018 312 4095 igitur
324 4017 429 4081 vestris
440 4018 541 4094 rebus,
554 4018 592 4080 de
603 4019 713 4099 quibus
723 4027 846 4082 acturus
857 4028 915 4099 est,
925 4019 1012 4082 valde
1022 4020 1126 4084 lavore
1137 4022 1210 4097 Nos,
1221 4017 1371 4100 vestrique

222 4131 258 4174 ac
272 4113 319 4174 sui
332 4114 426 4177 etiam
441 4117 571 4177 multam
589 4115 701 4181 habere
721 4118 869 4181 rationem
888 4135 1012 4199 operam
1024 4117 1183 4195 dabimus,
1202 4123 1236 4178 ut
1253 4133 1371 4198 semper

223 4209 378 4289 intelligat.
393 4213 517 4274 Minime
541 4231 613 4274 vero
632 4232 765 4295 unquam
785 4215 949 4299 patiemur,
966 4224 1001 4280 ut
1020 4216 1199 4280 venerabilis
1221 4217 1300 4278 servi
1317 4218 1368 4300 Dei

223 4307 345 4370 (laseris
357 4309 395 4371 de
411 4313 472 4372 Bus
492 4311 672 4374 Institutoris
692 4314 781 4376 vestri
800 4333 837 4376 ex
856 4315 1010 4377 Generalis
1028 4314 1155 4396 Capituli
1171 4313 1300 4377 decreto
1318 4333 1371 4376 re-

220 4411 414 4486 sumpturus,
435 4413 466 4468 et
487 4415 686 4472 renovaturus
699 4429 839 4487 causam,
859 4411 1023 4492 peculiaria
1041 4410 1179 4493 presidia
1192 4418 1311 4488 nostra,
1334 4430 1370 4472 ac
1412 4397 1414 4402 ’

220 4514 368 4582 ‹pirantnm
378 4506 407 4568 in
418 4505 510 4570 Nobis
519 4514 574 4586 est,
585 4527 645 4571 non
654 4509 783 4591 impares
790 4510 844 4588 eis,
853 4529 929 4591 quos
937 4511 966 4574 in
974 4530 1018 4575 sa.
1028 4529 1120 4574 meru.
1132 4512 1294 4576 Benedicto
1302 4511 1369 4577 XiV
