3188 5414
224 467 275 513 aaa
650 461 850 517 acerrumis
869 465 934 519 xlv
980 441 986 456 ⁸

222 566 471 645 protinusnostro
479 567 598 627 nomine
606 567 752 645 biajestati
761 569 831 629 Tuae
842 587 945 630 coram
953 569 1059 632 reseret
1070 557 1361 638 VenerabilisFrater

221 661 623 744 losephusArchiepiscopas
632 665 796 744 Beryti,eui
802 666 1009 728 benevolentia
1016 686 1051 730 ac
1058 669 1192 750 presidio
1198 677 1362 752 tuopraasto

222 778 285 820 esse
295 767 324 820 te
335 767 543 840 porrecturam
552 768 582 822 et
591 761 779 840 confidimus,
790 771 884 824 etate
896 782 1077 848 magnopere
1085 768 1229 849 petimus.
1238 772 1361 834 Domum

221 854 384 917 coelestium
397 856 638 919 benedictionum
657 859 824 939 auspicem,
837 865 867 920 et
878 863 993 941 paterni
1004 862 1035 923 in
1054 871 1084 924 te
1099 865 1190 926 animi
1201 868 1297 928 nostri
1315 868 1361 930 ia-

221 953 320 1015 dicem
334 955 528 1035 apostolicam
537 955 775 1018 benedictionem
788 959 936 1037 Majestati
950 963 1020 1022 Tua
1029 962 1246 1026 iutimoccrdis
1256 965 1361 1029 affeetu

221 1050 425 1112 amantissime
439 1051 636 1131 impertimur.
653 1055 765 1114 Datum
780 1056 889 1124 Rome,
902 1065 971 1126 etc„
987 1059 1037 1117 tlte
1059 1070 1095 1119 aa
1102 1061 1181 1136 julii
1195 1071 1283 1132 1713,
1291 1081 1361 1141 poa-

221 1149 546 1223 tlflcatosnostrtooao
560 1154 675 1226 quinto.
1204 1175 1207 1185 ·

705 1279 880 1289 *φη

688 1389 885 1458 ccxxviii.

631 1546 820 1588 venenatum
844 1546 954 1587 eanum

220 1643 386 1703 JOSEPHO
400 1643 524 1702 PETRO
537 1643 795 1702 PATRIARCHAE
811 1641 1060 1702 ANTIOCHENO
1074 1641 1361 1703 MARONITARUM

499 1766 758 1844 CLEMENS
795 1768 926 1842 ΡΑΡΑ
965 1766 1080 1842 XIV.

974 1919 1065 1974 nona,
1080 1923 1103 1965 tl
1117 1919 1213 1978 augusti
1229 1922 1297 1967 1773.

264 2026 463 2092 Venerabilis,
482 2033 540 2084 etc.
560 2025 765 2085 Incredibilem
786 2026 921 2087 dolorem
935 2024 1028 2086 Nobis
1050 2025 1166 2102 attulit,
1178 2027 1362 2090 Venerabilis

220 2125 338 2198 Frater,
358 2123 513 2182 luctuosus
526 2121 556 2182 iu
567 2123 664 2202 Cypro
682 2129 739 2184 tua
752 2123 969 2187 Maronitarum
982 2123 1123 2185 Ecclesiae
1137 2129 1251 2200 status,
1267 2144 1358 2206 quam

220 2220 250 2279 iu
264 2219 439 2299 gravissimo
454 2218 622 2279 animarum
631 2218 735 2280 salutis
749 2227 780 2279 et
792 2219 941 2299 religionis
955 2218 1127 2281 discrimine
1144 2221 1258 2281 versari
1272 2222 1360 2283 intel-

219 2317 349 2395 ligimus.
368 2314 530 2394 Siquidem
552 2315 589 2374 ad
602 2317 664 2376 Nos
684 2314 805 2376 affertur
820 2335 879 2377 nou
902 2318 1002 2378 solum
1013 2315 1148 2378 divinum
1163 2317 1283 2378 cultum
1301 2337 1363 2379 esse

219 2396 423 2486 imminutum,
439 2417 469 2471 et
479 2411 619 2472 ccclesias
633 2411 724 2472 sacris
736 2412 945 2492 supellectibus
965 2413 1124 2494 spoliatas,
1148 2431 1257 2476 verum
1274 2415 1363 2476 etiam

219 2510 301 2572 brevi
321 2516 455 2588 tempore
479 2527 570 2587 quam
596 2509 697 2589 plures
719 2509 777 2570 lide
801 2510 866 2590 ipsa
896 2511 1015 2591 prodita
1034 2510 1072 2571 ad
1100 2510 1363 2574 schismatioomm

210 2621 351 2682 ermrm,
376 2613 465 2684 atque
486 2604 524 2666 ad
549 2605 729 2666 Muhumetis
751 2607 929 2687 pravitatem
952 2606 1146 2686 transfugisse
1164 2614 1196 2669 et
1217 2611 1364 2688 maiorem

219 2703 528 2786 quotidiehujusmodi
541 2702 702 2783 perniciem
711 2704 808 2764 timeri
817 2722 887 2764 cum
898 2705 938 2765 ob
950 2703 1174 2783 oleruminopia
1185 2723 1364 2785 oppressum

219 2811 362 2881 terraque
383 2801 514 2862 colenda
526 2819 561 2861 ac
575 2800 665 2861 victui
679 2801 836 2880 quaerendo
856 2800 1009 2863 addictum
1029 2800 1078 2861 vix
1094 2801 1247 2881 quispiam
1263 2821 1370 2884 popu<

219 2902 281 2962 lum
296 2902 401 2979 inlegc
413 2898 530 2960 Domini
546 2899 691 2973 instruat,
709 2905 798 2978 atque
817 2898 928 2960 idcireo
947 2899 1032 2978 pueri
1051 2898 1204 2978 baptismo
1227 2911 1363 2980 recepta,

218 3007 247 3060 ct
259 2997 644 3060 eluistianotantummodo
667 2997 933 3073 retentonomine,
948 3016 1051 3060 revera
1063 2998 1094 3059 in
1106 3000 1275 3061 Turcarnm
1295 3020 1367 3063 mo-

218 3099 300 3159 ribus
316 3103 404 3176 atque
416 3095 557 3157 institutis
573 3095 759 3156 adolescunt.
774 3097 835 3157 Nos
848 3096 982 3175 quotidie
995 3115 1092 3177 neque
1102 3098 1166 3159 bec
1182 3097 1320 3160 accidere
1334 3098 1365 3158 in

218 3197 306 3255 vinea
317 3213 394 3272 cure
405 3200 463 3254 tua
479 3193 640 3253 commissa
649 3199 679 3252 tc
690 3192 827 3272 ignorare
841 3193 1032 3270 arbitramur,
1047 3213 1144 3274 neque
1160 3201 1189 3256 te
1206 3193 1302 3273 gregis
1317 3196 1363 3256 tui

218 3290 349 3369 periculo
361 3307 422 3350 uon
434 3305 623 3368 summopere
637 3289 819 3349 commoveri
837 3295 997 3370 putemne,
1011 3298 1041 3352 et
1056 3290 1148 3351 officii
1160 3290 1202 3352 tui
1215 3289 1365 3351 recorda-

219 3387 298 3447 tione
317 3392 347 3445 et
358 3384 449 3444 divini
461 3383 565 3462 judieii
586 3385 694 3445 timore
709 3384 872 3447 excitatum
891 3393 921 3447 te
943 3387 980 3447 ad
1005 3387 1108 3468 populi
1126 3387 1171 3449 tui
1192 3385 1364 3448 subsidium

219 3485 296 3544 ultro
311 3499 507 3543 occursurum
520 3487 551 3541 et
562 3480 780 3561 preteritorum
801 3482 949 3543 malorum
966 3482 1146 3546 detrimenta
1168 3501 1228 3563 qua
1245 3501 1303 3562 par
1319 3491 1366 3543 est

217 3601 291 3643 eura
304 3600 339 3643 ac
353 3579 510 3642 sedulitate
519 3587 784 3660 compensaturum
800 3601 865 3643 esse
878 3582 1001 3643 omnino
1015 3582 1165 3644 ducimus·
1176 3583 1295 3643 Tamen
1307 3601 1366 3662 pro

217 3697 335 3741 summa
355 3677 447 3739 Nobis
459 3677 600 3758 imposita
613 3678 952 3740 omniumeeclesiarum
973 3678 1172 3741 sollicitudine
1184 3678 1216 3738 id
1231 3678 1365 3758 ipsuma

217 3787 246 3839 te
272 3775 441 3858 poscimus,
470 3775 653 3836 Venerabilis
677 3778 790 3853 Frater,
822 3783 911 3856 teque
930 3796 983 3857 per
1009 3777 1122 3838 viscera
1148 3775 1366 3837 misericordia

216 3875 267 3936 Dei
287 3862 380 3935 nostri
396 3872 587 3934 obsecramus
596 3919 604 3950 ‚
621 3880 654 3933 ut
672 3873 775 3953 populi
791 3873 897 3934 Christi
915 3873 1058 3953 sanguiue
1075 3871 1223 3952 redempti
1241 3877 1274 3932 et
1288 3890 1363 3934 cus-

98 3991 102 4001 ·
216 3958 303 4037 todire
318 3981 378 4035 tuae
389 3973 489 4034 traditi
510 3981 539 4035 te
552 3974 709 4050 misereat,
724 3980 757 4033 ut
771 3979 884 4033 aterna
904 3971 1008 4033 abillo
1028 3964 1214 4033 incurrendae
1231 3967 1364 4030 calami—

217 4080 295 4134 tates
320 4071 358 4133 ad
371 4070 580 4152 opitulandum
602 4078 632 4132 ta
646 4077 780 4147 moveat,
796 4077 826 4130 et
839 4076 897 4130 tue
919 4069 1042 4130 demum
1056 4067 1161 4128 animae
1174 4065 1308 4127 salutem
1329 4073 1363 4126 ut

207 4153 304 4256 agas,
322 4156 388 4250 qua
413 4188 431 4230 a
452 4168 548 4248 gregis
571 4168 614 4228 tui
634 4169 729 4230 salute
751 4167 901 4245 disjuncta
927 4185 993 4228 essa
1010 4165 1093 4229 nullo
1121 4161 1214 4225 modo
1243 4167 1359 4242 potest.

216 4259 335 4344 Optime
354 4266 435 4327 enim
453 4263 532 4326 nosti
553 4258 715 4345 episcopali
735 4264 901 4325 ministerio
922 4269 1061 4342 suscepto
1080 4258 1247 4323 arctissime
1268 4257 1361 4320 fldem

210 4370 300 4426 ‘tuam
313 4370 375 4427 Deo
386 4353 450 4428 esse
461 4352 638 4426 obstrictam
653 4365 902 4441 animarumque
925 4361 979 4422 tibi
994 4366 1064 4422 sunt
1073 4357 1252 4431 commissae,
1272 4355 1361 4416 inco-

212 4462 382 4526 lumitatem
397 4472 426 4526 te
445 4463 548 4526 sedulo
562 4482 597 4525 ac
608 4463 723 4525 naviter
738 4467 930 4534 curaturum,
950 4460 1006 4521 illis
1018 4466 1048 4521 te
1066 4458 1097 4523 in
1110 4457 1176 4535 lege
1187 4452 1307 4517 Domini
1321 4471 1359 4513 ac
