<?xml version="1.0" encoding="UTF-8"?>
<!DOCTYPE html PUBLIC "-//W3C//DTD XHTML 1.0 Transitional//EN"
    "http://www.w3.org/TR/xhtml1/DTD/xhtml1-transitional.dtd">
<html xmlns="http://www.w3.org/1999/xhtml" xml:lang="en" lang="en">
 <head>
  <title>
</title>
<meta http-equiv="Content-Type" content="text/html;charset=utf-8" />
  <meta name='ocr-system' content='tesseract 3.04.00' />
  <meta name='ocr-capabilities' content='ocr_page ocr_carea ocr_par ocr_line ocrx_word'/>
</head>
<body>
  <div class='ocr_page' id='page_1' title='image "./clementisxivpon00clemgoog_0036.png"; bbox 0 0 3188 5414; ppageno 0'>
   <div class='ocr_carea' id='block_1_1' title="bbox 142 493 1292 1467">
    <p class='ocr_par' dir='ltr' id='par_1_1' title="bbox 142 493 1292 1467">
     <span class='ocr_line' id='line_1_1' title="bbox 391 493 1292 571; baseline 0.004 -23"><span class='ocrx_word' id='word_1_1' title='bbox 391 494 573 549; x_wconf 76' lang='lat' dir='ltr'><strong>EPlSl&#39;OLAE</strong></span> <span class='ocrx_word' id='word_1_2' title='bbox 591 493 638 549; x_wconf 81' lang='grc' dir='ltr'><strong>ΕΤ</strong></span> <span class='ocrx_word' id='word_1_3' title='bbox 655 494 790 549; x_wconf 75' lang='lat' dir='ltr'><strong>Bnssvla</strong></span> <span class='ocrx_word' id='word_1_4' title='bbox 808 495 1045 550; x_wconf 78' lang='lat' dir='ltr'><strong>SELECTlORA.</strong></span> <span class='ocrx_word' id='word_1_5' title='bbox 1258 503 1292 571; x_wconf 68' lang='grc'><strong>93</strong></span> 
     </span>
     <span class='ocr_line' id='line_1_2' title="bbox 144 597 1292 679; baseline 0.003 -18"><span class='ocrx_word' id='word_1_6' title='bbox 144 599 248 663; x_wconf 83' lang='lat' dir='ltr'><strong>nitatis</strong></span> <span class='ocrx_word' id='word_1_7' title='bbox 257 616 294 660; x_wconf 88' lang='lat' dir='ltr'><strong>ao</strong></span> <span class='ocrx_word' id='word_1_8' title='bbox 311 597 470 678; x_wconf 84' lang='lat' dir='ltr'><strong>patrocinii</strong></span> <span class='ocrx_word' id='word_1_9' title='bbox 485 615 538 678; x_wconf 85' lang='lat' dir='ltr'><strong>spa</strong></span> <span class='ocrx_word' id='word_1_10' title='bbox 552 598 697 660; x_wconf 83' lang='lat' dir='ltr'><strong>revocati.</strong></span> <span class='ocrx_word' id='word_1_11' title='bbox 711 601 745 661; x_wconf 95' lang='grc'><strong>19</strong></span> <span class='ocrx_word' id='word_1_12' title='bbox 767 617 827 679; x_wconf 80' lang='lat' dir='ltr'><strong>qua</strong></span> <span class='ocrx_word' id='word_1_13' title='bbox 840 598 963 678; x_wconf 88' lang='lat' dir='ltr'><strong>quidem</strong></span> <span class='ocrx_word' id='word_1_14' title='bbox 984 618 1016 663; x_wconf 87' lang='lat' dir='ltr'><strong>re</strong></span> <span class='ocrx_word' id='word_1_15' title='bbox 1027 599 1147 679; x_wconf 79' lang='lat' dir='ltr'><strong>decepti</strong></span> <span class='ocrx_word' id='word_1_16' title='bbox 1168 600 1292 665; x_wconf 87' lang='lat' dir='ltr'><strong>minime</strong></span> 
     </span>
     <span class='ocr_line' id='line_1_3' title="bbox 144 693 1292 776; baseline 0.003 -16"><span class='ocrx_word' id='word_1_17' title='bbox 144 703 213 760; x_wconf 88' lang='lat' dir='ltr'><strong>sunt</strong></span> <span class='ocrx_word' id='word_1_18' title='bbox 220 720 230 773; x_wconf 80' lang='lat'>3</span> <span class='ocrx_word' id='word_1_19' title='bbox 251 695 355 763; x_wconf 78' lang='grc'><strong>,9191999</strong></span> <span class='ocrx_word' id='word_1_20' title='bbox 365 695 446 757; x_wconf 91' lang='lat' dir='ltr'><strong>enim</strong></span> <span class='ocrx_word' id='word_1_21' title='bbox 458 713 490 757; x_wconf 89' lang='lat' dir='ltr'><strong>se</strong></span> <span class='ocrx_word' id='word_1_22' title='bbox 505 693 592 758; x_wconf 77' lang='lat' dir='ltr'><strong>isthic</strong></span> <span class='ocrx_word' id='word_1_23' title='bbox 611 702 719 775; x_wconf 82' lang='lat' dir='ltr'><strong>pacate</strong></span> <span class='ocrx_word' id='word_1_24' title='bbox 738 713 827 776; x_wconf 88' lang='lat' dir='ltr'><strong>posse</strong></span> <span class='ocrx_word' id='word_1_25' title='bbox 845 696 902 757; x_wconf 92' lang='lat' dir='ltr'><strong>sub</strong></span> <span class='ocrx_word' id='word_1_26' title='bbox 922 697 1023 759; x_wconf 81' lang='lat' dir='ltr'><strong>tutelae</strong></span> <span class='ocrx_word' id='word_1_27' title='bbox 1034 702 1095 759; x_wconf 84' lang='lat' dir='ltr'><strong>tuae</strong></span> <span class='ocrx_word' id='word_1_28' title='bbox 1114 698 1292 763; x_wconf 85' lang='lat' dir='ltr'><strong>auctoritate</strong></span> 
     </span>
     <span class='ocr_line' id='line_1_4' title="bbox 144 791 1292 870; baseline 0.001 -12"><span class='ocrx_word' id='word_1_29' title='bbox 144 793 318 858; x_wconf 77' lang='lat' dir='ltr'><strong>consistere.</strong></span> <span class='ocrx_word' id='word_1_30' title='bbox 336 795 435 867; x_wconf 80' lang='lat' dir='ltr'><strong>Quare</strong></span> <span class='ocrx_word' id='word_1_31' title='bbox 452 792 602 870; x_wconf 69' lang='lat' dir='ltr'><strong>maiorem</strong></span> <span class='ocrx_word' id='word_1_32' title='bbox 622 791 654 854; x_wconf 95' lang='lat' dir='ltr'><strong>in</strong></span> <span class='ocrx_word' id='word_1_33' title='bbox 673 791 800 855; x_wconf 89' lang='lat' dir='ltr'><strong>modum</strong></span> <span class='ocrx_word' id='word_1_34' title='bbox 813 792 1027 856; x_wconf 76' lang='lat' dir='ltr'>celsitudinem</span> <span class='ocrx_word' id='word_1_35' title='bbox 1043 800 1129 858; x_wconf 89' lang='lat' dir='ltr'><strong>tuam</strong></span> <span class='ocrx_word' id='word_1_36' title='bbox 1148 795 1292 859; x_wconf 88' lang='lat' dir='ltr'><strong>obseura-</strong></span> 
     </span>
     <span class='ocr_line' id='line_1_5' title="bbox 143 889 1292 972; baseline 0.003 -21"><span class='ocrx_word' id='word_1_37' title='bbox 143 909 224 968; x_wconf 90' lang='lat' dir='ltr'><strong>mus,</strong></span> <span class='ocrx_word' id='word_1_38' title='bbox 239 898 273 954; x_wconf 90' lang='lat' dir='ltr'><strong>ut</strong></span> <span class='ocrx_word' id='word_1_39' title='bbox 284 889 494 955; x_wconf 85' lang='lat' dir='ltr'><strong>cosdcmtueri</strong></span> <span class='ocrx_word' id='word_1_40' title='bbox 509 909 545 953; x_wconf 92' lang='lat' dir='ltr'><strong>ac</strong></span> <span class='ocrx_word' id='word_1_41' title='bbox 557 889 658 952; x_wconf 83' lang='lat' dir='ltr'><strong>favere</strong></span> <span class='ocrx_word' id='word_1_42' title='bbox 668 909 788 971; x_wconf 79' lang='lat' dir='ltr'>pergas,</span> <span class='ocrx_word' id='word_1_43' title='bbox 798 909 928 971; x_wconf 86' lang='lat' dir='ltr'><strong>quorum</strong></span> <span class='ocrx_word' id='word_1_44' title='bbox 937 892 1081 972; x_wconf 77' lang='lat' dir='ltr'><strong>probitati</strong></span> <span class='ocrx_word' id='word_1_45' title='bbox 1090 891 1202 956; x_wconf 83' lang='lat' dir='ltr'><strong>lavisse</strong></span> <span class='ocrx_word' id='word_1_46' title='bbox 1211 911 1292 955; x_wconf 89' lang='grc'><strong>999-</strong></span> 
     </span>
     <span class='ocr_line' id='line_1_6' title="bbox 142 986 1292 1069; baseline 0.003 -20"><span class='ocrx_word' id='word_1_47' title='bbox 142 986 555 1069; x_wconf 86' lang='lat' dir='ltr'><strong>quamtepoeniterapoterit.</strong></span> <span class='ocrx_word' id='word_1_48' title='bbox 564 986 641 1049; x_wconf 90' lang='lat' dir='ltr'><strong>Illud</strong></span> <span class='ocrx_word' id='word_1_49' title='bbox 652 987 1292 1068; x_wconf 61' lang='grc'><strong>99999999999919999999991999</strong></span> 
     </span>
     <span class='ocr_line' id='line_1_7' title="bbox 142 1084 1292 1166; baseline 0.004 -20"><span class='ocrx_word' id='word_1_50' title='bbox 142 1085 172 1150; x_wconf 89' lang='lat' dir='ltr'><strong>in</strong></span> <span class='ocrx_word' id='word_1_51' title='bbox 186 1105 240 1151; x_wconf 89' lang='lat' dir='ltr'><strong>cos</strong></span> <span class='ocrx_word' id='word_1_52' title='bbox 251 1105 324 1166; x_wconf 84' lang='lat' dir='ltr'><strong>erga</strong></span> <span class='ocrx_word' id='word_1_53' title='bbox 335 1093 366 1153; x_wconf 84' lang='lat' dir='ltr'><strong>tc</strong></span> <span class='ocrx_word' id='word_1_54' title='bbox 380 1085 509 1151; x_wconf 83' lang='lat' dir='ltr'><strong>conferri</strong></span> <span class='ocrx_word' id='word_1_55' title='bbox 524 1084 705 1149; x_wconf 84' lang='lat' dir='ltr'><strong>beneficium</strong></span> <span class='ocrx_word' id='word_1_56' title='bbox 717 1105 827 1166; x_wconf 81' lang='lat' dir='ltr'><strong>posse,</strong></span> <span class='ocrx_word' id='word_1_57' title='bbox 845 1085 929 1166; x_wconf 89' lang='lat' dir='ltr'><strong>quod</strong></span> <span class='ocrx_word' id='word_1_58' title='bbox 950 1086 981 1149; x_wconf 92' lang='lat' dir='ltr'><strong>in</strong></span> <span class='ocrx_word' id='word_1_59' title='bbox 1001 1088 1062 1164; x_wconf 89' lang='lat' dir='ltr'><strong>Nos</strong></span> <span class='ocrx_word' id='word_1_60' title='bbox 1082 1087 1177 1151; x_wconf 88' lang='lat' dir='ltr'><strong>etiam</strong></span> <span class='ocrx_word' id='word_1_61' title='bbox 1195 1089 1292 1153; x_wconf 55' lang='lat' dir='ltr'><strong>colla-¹</strong></span> 
     </span>
     <span class='ocr_line' id='line_1_8' title="bbox 142 1184 1292 1265; baseline 0.005 -21"><span class='ocrx_word' id='word_1_62' title='bbox 142 1191 209 1246; x_wconf 84' lang='lat' dir='ltr'><strong>tum</strong></span> <span class='ocrx_word' id='word_1_63' title='bbox 222 1203 288 1247; x_wconf 88' lang='lat' dir='ltr'><strong>esse</strong></span> <span class='ocrx_word' id='word_1_64' title='bbox 305 1203 367 1248; x_wconf 92' lang='lat' dir='ltr'><strong>non</strong></span> <span class='ocrx_word' id='word_1_65' title='bbox 381 1191 523 1265; x_wconf 88' lang='lat' dir='ltr'><strong>putemus</strong></span> <span class='ocrx_word' id='word_1_66' title='bbox 532 1184 694 1264; x_wconf 63' lang='lat' dir='ltr'><strong>,auosque</strong></span> <span class='ocrx_word' id='word_1_67' title='bbox 704 1201 798 1264; x_wconf 85' lang='lat' dir='ltr'><strong>quam</strong></span> <span class='ocrx_word' id='word_1_68' title='bbox 808 1191 944 1264; x_wconf 86' lang='lat' dir='ltr'><strong>gratoao</strong></span> <span class='ocrx_word' id='word_1_69' title='bbox 956 1184 1089 1261; x_wconf 85' lang='lat' dir='ltr'><strong>memori</strong></span> <span class='ocrx_word' id='word_1_70' title='bbox 1103 1185 1292 1265; x_wconf 82' lang='lat' dir='ltr'><strong>excipiamus</strong></span> 
     </span>
     <span class='ocr_line' id='line_1_9' title="bbox 145 1281 1292 1366; baseline 0 -19"><span class='ocrx_word' id='word_1_71' title='bbox 145 1282 266 1361; x_wconf 77' lang='lat' dir='ltr'><strong>animo,</strong></span> <span class='ocrx_word' id='word_1_72' title='bbox 281 1283 393 1364; x_wconf 87' lang='lat' dir='ltr'><strong>siquid</strong></span> <span class='ocrx_word' id='word_1_73' title='bbox 408 1285 439 1346; x_wconf 88' lang='lat' dir='ltr'><strong>iu</strong></span> <span class='ocrx_word' id='word_1_74' title='bbox 454 1290 610 1365; x_wconf 86' lang='lat' dir='ltr'><strong>posterum</strong></span> <span class='ocrx_word' id='word_1_75' title='bbox 627 1281 785 1360; x_wconf 87' lang='lat' dir='ltr'><strong>inciderit,</strong></span> <span class='ocrx_word' id='word_1_76' title='bbox 797 1300 858 1364; x_wconf 85' lang='lat' dir='ltr'><strong>quo</strong></span> <span class='ocrx_word' id='word_1_77' title='bbox 880 1281 912 1343; x_wconf 93' lang='lat' dir='ltr'><strong>id</strong></span> <span class='ocrx_word' id='word_1_78' title='bbox 931 1282 1038 1362; x_wconf 85' lang='lat' dir='ltr'><strong>testari</strong></span> <span class='ocrx_word' id='word_1_79' title='bbox 1049 1281 1106 1366; x_wconf 61' lang='lat' dir='ltr'><strong>‚fibi</strong></span> <span class='ocrx_word' id='word_1_80' title='bbox 1119 1283 1273 1364; x_wconf 79' lang='lat' dir='ltr'><strong>valeamus</strong></span> <span class='ocrx_word' id='word_1_81' title='bbox 1281 1329 1292 1363; x_wconf 87' lang='lat'>‚</span> 
     </span>
     <span class='ocr_line' id='line_1_10' title="bbox 144 1373 1292 1467; baseline 0.003 -26"><span class='ocrx_word' id='word_1_82' title='bbox 144 1380 244 1461; x_wconf 76' lang='lat' dir='ltr'><strong>reipsa</strong></span> <span class='ocrx_word' id='word_1_83' title='bbox 251 1381 339 1445; x_wconf 83' lang='grc'><strong>199119</strong></span> <span class='ocrx_word' id='word_1_84' title='bbox 352 1381 510 1461; x_wconf 78' lang='lat' dir='ltr'><strong>intelliges.</strong></span> <span class='ocrx_word' id='word_1_85' title='bbox 524 1373 648 1444; x_wconf 77' lang='grc'><strong>19991119</strong></span> <span class='ocrx_word' id='word_1_86' title='bbox 667 1398 845 1461; x_wconf 87' lang='lat' dir='ltr'><strong>persuasum</strong></span> <span class='ocrx_word' id='word_1_87' title='bbox 861 1379 915 1445; x_wconf 89' lang='lat' dir='ltr'><strong>tibi</strong></span> <span class='ocrx_word' id='word_1_88' title='bbox 930 1379 1062 1445; x_wconf 78' lang='lat' dir='ltr'><strong>maxime</strong></span> <span class='ocrx_word' id='word_1_89' title='bbox 1079 1379 1292 1467; x_wconf 82' lang='lat' dir='ltr'><strong>boecupimus</strong></span> 
     </span>
    </p>
   </div>
   <div class='ocr_carea' id='block_1_2' title="bbox 142 1475 1389 1567">
    <p class='ocr_par' dir='ltr' id='par_1_2' title="bbox 142 1475 1389 1567">
     <span class='ocr_line' id='line_1_11' title="bbox 142 1475 1389 1567; baseline 0.002 -29"><span class='ocrx_word' id='word_1_90' title='bbox 142 1478 268 1543; x_wconf 83' lang='lat' dir='ltr'><strong>eximios</strong></span> <span class='ocrx_word' id='word_1_91' title='bbox 280 1479 373 1543; x_wconf 89' lang='lat' dir='ltr'><strong>animi</strong></span> <span class='ocrx_word' id='word_1_92' title='bbox 383 1479 427 1542; x_wconf 87' lang='lat' dir='ltr'><strong>tui</strong></span> <span class='ocrx_word' id='word_1_93' title='bbox 441 1478 530 1544; x_wconf 86' lang='lat' dir='ltr'><strong>dotes</strong></span> <span class='ocrx_word' id='word_1_94' title='bbox 540 1483 573 1551; x_wconf 89' lang='grc'><strong>99</strong></span> <span class='ocrx_word' id='word_1_95' title='bbox 582 1476 704 1557; x_wconf 76' lang='lat' dir='ltr'><strong>agnosci</strong></span> <span class='ocrx_word' id='word_1_96' title='bbox 716 1495 735 1537; x_wconf 94' lang='lat' dir='ltr'><strong>a</strong></span> <span class='ocrx_word' id='word_1_97' title='bbox 746 1475 846 1557; x_wconf 81' lang='lat' dir='ltr'><strong>nobis,</strong></span> <span class='ocrx_word' id='word_1_98' title='bbox 860 1482 891 1539; x_wconf 88' lang='grc'><strong>99</strong></span> <span class='ocrx_word' id='word_1_99' title='bbox 901 1476 1024 1558; x_wconf 81' lang='lat' dir='ltr'><strong>plurimi</strong></span> <span class='ocrx_word' id='word_1_100' title='bbox 1033 1477 1192 1565; x_wconf 77' lang='grc'><strong>9999191991,</strong></span> <span class='ocrx_word' id='word_1_101' title='bbox 1202 1479 1292 1563; x_wconf 72' lang='grc'><strong>91199·</strong></span> <span class='ocrx_word' id='word_1_102' title='bbox 1388 1563 1389 1567; x_wconf 9' lang='lat'>¹</span> 
     </span>
    </p>
   </div>
   <div class='ocr_carea' id='block_1_3' title="bbox 110 1574 1294 1952">
    <p class='ocr_par' dir='ltr' id='par_1_3' title="bbox 110 1574 1292 1952">
     <span class='ocr_line' id='line_1_12' title="bbox 141 1574 1292 1660; baseline 0.002 -21"><span class='ocrx_word' id='word_1_103' title='bbox 141 1577 279 1657; x_wconf 78' lang='grc'><strong>99991999</strong></span> <span class='ocrx_word' id='word_1_104' title='bbox 291 1581 388 1641; x_wconf 77' lang='grc'><strong>119999</strong></span> <span class='ocrx_word' id='word_1_105' title='bbox 407 1580 476 1658; x_wconf 87' lang='grc'><strong>099.</strong></span> <span class='ocrx_word' id='word_1_106' title='bbox 490 1579 572 1641; x_wconf 83' lang='lat' dir='ltr'><strong>Max.</strong></span> <span class='ocrx_word' id='word_1_107' title='bbox 587 1582 621 1639; x_wconf 93' lang='lat' dir='ltr'><strong>ut</strong></span> <span class='ocrx_word' id='word_1_108' title='bbox 634 1581 665 1638; x_wconf 89' lang='lat' dir='ltr'><strong>te</strong></span> <span class='ocrx_word' id='word_1_109' title='bbox 682 1574 824 1639; x_wconf 89' lang='lat' dir='ltr'><strong>omnibus</strong></span> <span class='ocrx_word' id='word_1_110' title='bbox 842 1574 930 1639; x_wconf 89' lang='lat' dir='ltr'><strong>bonis</strong></span> <span class='ocrx_word' id='word_1_111' title='bbox 944 1576 1118 1659; x_wconf 83' lang='lat' dir='ltr'><strong>cumulare,</strong></span> <span class='ocrx_word' id='word_1_112' title='bbox 1135 1595 1171 1639; x_wconf 91' lang='lat' dir='ltr'><strong>ac</strong></span> <span class='ocrx_word' id='word_1_113' title='bbox 1192 1577 1231 1660; x_wconf 86' lang='lat' dir='ltr'><strong>ad</strong></span> <span class='ocrx_word' id='word_1_114' title='bbox 1247 1576 1292 1641; x_wconf 91' lang='grc'><strong>19-</strong></span> 
     </span>
     <span class='ocr_line' id='line_1_13' title="bbox 141 1672 1294 1757; baseline -0.002 -19"><span class='ocrx_word' id='word_1_115' title='bbox 141 1676 349 1741; x_wconf 85' lang='lat' dir='ltr'><strong>columitatem</strong></span> <span class='ocrx_word' id='word_1_116' title='bbox 367 1682 458 1756; x_wconf 81' lang='lat' dir='ltr'><strong>atque</strong></span> <span class='ocrx_word' id='word_1_117' title='bbox 473 1673 702 1757; x_wconf 87' lang='lat' dir='ltr'><strong>amplitudinem</strong></span> <span class='ocrx_word' id='word_1_118' title='bbox 713 1691 791 1738; x_wconf 84' lang='lat' dir='ltr'><strong>verae</strong></span> <span class='ocrx_word' id='word_1_119' title='bbox 805 1691 841 1737; x_wconf 87' lang='lat' dir='ltr'><strong>ac</strong></span> <span class='ocrx_word' id='word_1_120' title='bbox 856 1673 959 1735; x_wconf 76' lang='lat' dir='ltr'><strong>solide</strong></span> <span class='ocrx_word' id='word_1_121' title='bbox 971 1672 1125 1738; x_wconf 80' lang='lat' dir='ltr'><strong>felicitatis</strong></span> <span class='ocrx_word' id='word_1_122' title='bbox 1138 1674 1294 1749; x_wconf 83' lang='lat' dir='ltr'><strong>accessio-</strong></span> 
     </span>
     <span class='ocr_line' id='line_1_14' title="bbox 110 1773 1291 1903; baseline -0.003 -63"><span class='ocrx_word' id='word_1_123' title='bbox 110 1810 112 1814; x_wconf 41' lang='lat'><em>⁴</em></span> <span class='ocrx_word' id='word_1_124' title='bbox 140 1773 975 1850; x_wconf 75' lang='grc' dir='ltr'><strong>99191199199119.1)99999119999,999.,9ι’99999999991</strong></span> <span class='ocrx_word' id='word_1_125' title='bbox 992 1783 1086 1903; x_wconf 73' lang='grc'><strong>1999,</strong></span> <span class='ocrx_word' id='word_1_126' title='bbox 1095 1777 1291 1853; x_wconf 71' lang='lat' dir='ltr'><strong>pontificatus</strong></span> 
     </span>
     <span class='ocr_line' id='line_1_15' title="bbox 139 1878 452 1952; baseline 0 -17"><span class='ocrx_word' id='word_1_127' title='bbox 139 1878 328 1937; x_wconf 75' lang='grc'><strong>9999919999</strong></span> <span class='ocrx_word' id='word_1_128' title='bbox 339 1878 452 1952; x_wconf 71' lang='lat' dir='ltr'><strong>primo.</strong></span> 
     </span>
    </p>
   </div>
   <div class='ocr_carea' id='block_1_4' title="bbox 629 1981 804 1995">
    <p class='ocr_par' dir='ltr' id='par_1_4' title="bbox 629 1981 804 1995">
     <span class='ocr_line' id='line_1_16' title="bbox 629 1981 804 1995; baseline 0 -3"><span class='ocrx_word' id='word_1_129' title='bbox 629 1981 804 1995; x_wconf 49' lang='lat' dir='ltr'>*un—-</span> 
     </span>
    </p>
   </div>
   <div class='ocr_carea' id='block_1_5' title="bbox 646 2038 912 2150">
    <p class='ocr_par' dir='ltr' id='par_1_5' title="bbox 646 2038 912 2150">
     <span class='ocr_line' id='line_1_17' title="bbox 646 2038 912 2150; baseline 0.004 -2"><span class='ocrx_word' id='word_1_130' title='bbox 646 2080 780 2150; x_wconf 86' lang='lat' dir='ltr'><strong>xxvn.</strong></span> <span class='ocrx_word' id='word_1_131' title='bbox 890 2038 912 2045; x_wconf 43' lang='lat'><strong>‘&#39;</strong></span> 
     </span>
    </p>
   </div>
   <div class='ocr_carea' id='block_1_6' title="bbox 269 2219 1236 2555">
    <p class='ocr_par' dir='ltr' id='par_1_6' title="bbox 269 2219 1236 2555">
     <span class='ocr_line' id='line_1_18' title="bbox 269 2219 1161 2305; baseline 0.024 -35"><span class='ocrx_word' id='word_1_132' title='bbox 269 2300 272 2305; x_wconf 45' lang='lat'><em>,</em></span> <span class='ocrx_word' id='word_1_133' title='bbox 413 2219 415 2223; x_wconf 85' lang='lat'>&#39;</span> <span class='ocrx_word' id='word_1_134' title='bbox 477 2227 610 2280; x_wconf 82' lang='lat' dir='ltr'><strong>nrurcro</strong></span> <span class='ocrx_word' id='word_1_135' title='bbox 629 2238 718 2281; x_wconf 80' lang='lat' dir='ltr'><strong>rraro</strong></span> <span class='ocrx_word' id='word_1_136' title='bbox 742 2228 851 2283; x_wconf 80' lang='grc'><strong>999199</strong></span> <span class='ocrx_word' id='word_1_137' title='bbox 874 2228 948 2283; x_wconf 76' lang='lat' dir='ltr'><strong>v&#39;rno</strong></span> <span class='ocrx_word' id='word_1_138' title='bbox 1020 2230 1023 2235; x_wconf 75' lang='grc'>’</span> <span class='ocrx_word' id='word_1_139' title='bbox 1065 2232 1091 2299; x_wconf 66' lang='lat' dir='ltr'>J</span> <span class='ocrx_word' id='word_1_140' title='bbox 1156 2233 1161 2242; x_wconf 83' lang='grc'><strong><em>’</em></strong></span> 
     </span>
     <span class='ocr_line' id='line_1_19' title="bbox 340 2320 1236 2419; baseline 0.017 -10"><span class='ocrx_word' id='word_1_141' title='bbox 340 2320 586 2412; x_wconf 79' lang='grc'><strong>99999999</strong></span> <span class='ocrx_word' id='word_1_142' title='bbox 613 2353 816 2416; x_wconf 79' lang='grc'><strong>99199999</strong></span> <span class='ocrx_word' id='word_1_143' title='bbox 842 2325 1081 2419; x_wconf 71' lang='grc'><strong>’99999999</strong></span> <span class='ocrx_word' id='word_1_144' title='bbox 1145 2332 1148 2336; x_wconf 80' lang='grc'>’</span> <span class='ocrx_word' id='word_1_145' title='bbox 1186 2331 1190 2338; x_wconf 82' lang='grc'><strong>’</strong></span> <span class='ocrx_word' id='word_1_146' title='bbox 1233 2334 1236 2338; x_wconf 79' lang='grc'><strong>’</strong></span> 
     </span>
     <span class='ocr_line' id='line_1_20' title="bbox 443 2473 1007 2555; baseline 0.01 -7"><span class='ocrx_word' id='word_1_147' title='bbox 443 2473 681 2552; x_wconf 82' lang='lat' dir='ltr'>CLEMENS</span> <span class='ocrx_word' id='word_1_148' title='bbox 709 2478 856 2554; x_wconf 80' lang='grc' dir='ltr'><strong>ΡΑΡΑ</strong></span> <span class='ocrx_word' id='word_1_149' title='bbox 866 2477 1007 2555; x_wconf 83' lang='lat' dir='ltr'><strong>XIV.·</strong></span> 
     </span>
    </p>
   </div>
   <div class='ocr_carea' id='block_1_7' title="bbox 846 2627 1209 2701">
    <p class='ocr_par' dir='ltr' id='par_1_7' title="bbox 846 2627 1209 2701">
     <span class='ocr_line' id='line_1_21' title="bbox 846 2627 1209 2701; baseline -0.003 -13"><span class='ocrx_word' id='word_1_150' title='bbox 846 2639 944 2698; x_wconf 81' lang='grc'><strong>119999,</strong></span> <span class='ocrx_word' id='word_1_151' title='bbox 957 2642 972 2687; x_wconf 98' lang='grc'><strong>9</strong></span> <span class='ocrx_word' id='word_1_152' title='bbox 986 2639 1127 2701; x_wconf 84' lang='lat' dir='ltr'><strong>septembris</strong></span> <span class='ocrx_word' id='word_1_153' title='bbox 1141 2627 1209 2696; x_wconf 79' lang='grc'><strong>1199</strong></span> 
     </span>
    </p>
   </div>
   <div class='ocr_carea' id='block_1_8' title="bbox 136 2689 1309 3314">
    <p class='ocr_par' dir='ltr' id='par_1_8' title="bbox 136 2689 1309 3312">
     <span class='ocr_line' id='line_1_22' title="bbox 178 2689 1293 2825; baseline 0.003 -22"><span class='ocrx_word' id='word_1_154' title='bbox 178 2741 317 2825; x_wconf 80' lang='lat' dir='ltr'><strong>Dilecta,</strong></span> <span class='ocrx_word' id='word_1_155' title='bbox 333 2747 391 2803; x_wconf 85' lang='lat' dir='ltr'><strong>etc</strong></span> <span class='ocrx_word' id='word_1_156' title='bbox 406 2689 686 2821; x_wconf 79' lang='grc'><strong>1999991911991999</strong></span> <span class='ocrx_word' id='word_1_157' title='bbox 697 2741 843 2822; x_wconf 80' lang='lat' dir='ltr'><strong>gaudium</strong></span> <span class='ocrx_word' id='word_1_158' title='bbox 861 2744 1026 2807; x_wconf 88' lang='grc'><strong>9919199999</strong></span> <span class='ocrx_word' id='word_1_159' title='bbox 1039 2744 1133 2807; x_wconf 89' lang='lat' dir='ltr'><strong>Nobis</strong></span> <span class='ocrx_word' id='word_1_160' title='bbox 1147 2751 1207 2805; x_wconf 87' lang='lat' dir='ltr'><strong>tuae</strong></span> <span class='ocrx_word' id='word_1_161' title='bbox 1227 2726 1293 2808; x_wconf 83' lang='lat' dir='ltr'><strong>exi</strong></span> 
     </span>
     <span class='ocr_line' id='line_1_23' title="bbox 137 2820 1290 2947; baseline 0.002 -45"><span class='ocrx_word' id='word_1_162' title='bbox 137 2839 207 2917; x_wconf 71' lang='lat' dir='ltr'><strong>neiis</strong></span> <span class='ocrx_word' id='word_1_163' title='bbox 221 2840 252 2901; x_wconf 92' lang='lat' dir='ltr'><strong>in</strong></span> <span class='ocrx_word' id='word_1_164' title='bbox 263 2820 325 2900; x_wconf 90' lang='lat' dir='ltr'><strong>Nos</strong></span> <span class='ocrx_word' id='word_1_165' title='bbox 337 2845 370 2901; x_wconf 86' lang='lat' dir='ltr'><strong>et</strong></span> <span class='ocrx_word' id='word_1_166' title='bbox 383 2856 458 2947; x_wconf 79' lang='lat' dir='ltr'><strong>apos</strong></span> <span class='ocrx_word' id='word_1_167' title='bbox 444 2837 581 2899; x_wconf 76' lang='lat' dir='ltr'><strong>stolicarn</strong></span> <span class='ocrx_word' id='word_1_168' title='bbox 593 2832 673 2899; x_wconf 87' lang='lat' dir='ltr'><strong>hanc</strong></span> <span class='ocrx_word' id='word_1_169' title='bbox 687 2857 740 2901; x_wconf 86' lang='lat' dir='ltr'><strong>sau</strong></span> <span class='ocrx_word' id='word_1_170' title='bbox 754 2839 858 2917; x_wconf 85' lang='lat' dir='ltr'><strong>sedem</strong></span> <span class='ocrx_word' id='word_1_171' title='bbox 871 2839 970 2904; x_wconf 87' lang='lat' dir='ltr'><strong>filialis</strong></span> <span class='ocrx_word' id='word_1_172' title='bbox 981 2822 1215 2903; x_wconf 74' lang='lat' dir='ltr'><strong>observantia</strong></span> <span class='ocrx_word' id='word_1_173' title='bbox 1182 2844 1290 2922; x_wconf 79' lang='lat' dir='ltr'><strong>signi</strong></span> 
     </span>
     <span class='ocr_line' id='line_1_24' title="bbox 137 2935 1293 3023; baseline 0.002 -25"><span class='ocrx_word' id='word_1_174' title='bbox 137 2936 357 2999; x_wconf 84' lang='lat' dir='ltr'><strong>ficationibus</strong></span> <span class='ocrx_word' id='word_1_175' title='bbox 350 2935 481 3013; x_wconf 77' lang='lat' dir='ltr'><strong>insignes</strong></span> <span class='ocrx_word' id='word_1_176' title='bbox 499 2935 623 3012; x_wconf 74' lang='grc'><strong>1199999,</strong></span> <span class='ocrx_word' id='word_1_177' title='bbox 640 2936 750 3014; x_wconf 89' lang='lat' dir='ltr'><strong>quibus</strong></span> <span class='ocrx_word' id='word_1_178' title='bbox 772 2935 875 2997; x_wconf 77' lang='grc'><strong>9119199</strong></span> <span class='ocrx_word' id='word_1_179' title='bbox 895 2956 953 3018; x_wconf 86' lang='grc'><strong>999</strong></span> <span class='ocrx_word' id='word_1_180' title='bbox 976 2938 1132 3019; x_wconf 82' lang='lat' dir='ltr'><strong>agnovisse</strong></span> <span class='ocrx_word' id='word_1_181' title='bbox 1152 2936 1293 3023; x_wconf 81' lang='grc'><strong>99991999</strong></span> 
     </span>
     <span class='ocr_line' id='line_1_25' title="bbox 139 3032 1289 3119; baseline 0.002 -25"><span class='ocrx_word' id='word_1_182' title='bbox 139 3032 372 3113; x_wconf 78' lang='lat' dir='ltr'><strong>protestantium</strong></span> <span class='ocrx_word' id='word_1_183' title='bbox 384 3049 518 3105; x_wconf 86' lang='lat' dir='ltr'><strong>errores,</strong></span> <span class='ocrx_word' id='word_1_184' title='bbox 538 3037 629 3112; x_wconf 82' lang='lat' dir='ltr'><strong>atque</strong></span> <span class='ocrx_word' id='word_1_185' title='bbox 639 3051 732 3095; x_wconf 89' lang='lat' dir='ltr'><strong>unam</strong></span> <span class='ocrx_word' id='word_1_186' title='bbox 749 3032 883 3111; x_wconf 84' lang='lat' dir='ltr'><strong>veritatis</strong></span> <span class='ocrx_word' id='word_1_187' title='bbox 896 3040 928 3111; x_wconf 87' lang='grc'><strong>99</strong></span> <span class='ocrx_word' id='word_1_188' title='bbox 935 3034 1045 3113; x_wconf 77' lang='grc'><strong>9919919</strong></span> <span class='ocrx_word' id='word_1_189' title='bbox 1059 3052 1160 3119; x_wconf 80' lang='lat' dir='ltr'><strong>arcem</strong></span> <span class='ocrx_word' id='word_1_190' title='bbox 1180 3035 1289 3097; x_wconf 89' lang='lat' dir='ltr'><strong>catho-</strong></span> 
     </span>
     <span class='ocr_line' id='line_1_26' title="bbox 136 3126 1309 3216; baseline 0.002 -25"><span class='ocrx_word' id='word_1_191' title='bbox 136 3131 226 3193; x_wconf 91' lang='lat' dir='ltr'><strong>licam</strong></span> <span class='ocrx_word' id='word_1_192' title='bbox 238 3147 303 3193; x_wconf 90' lang='lat' dir='ltr'><strong>esso</strong></span> <span class='ocrx_word' id='word_1_193' title='bbox 316 3129 498 3208; x_wconf 76' lang='lat' dir='ltr'><strong>Ecclesiam,</strong></span> <span class='ocrx_word' id='word_1_194' title='bbox 508 3148 608 3210; x_wconf 85' lang='lat' dir='ltr'><strong>eoque</strong></span> <span class='ocrx_word' id='word_1_195' title='bbox 624 3130 769 3211; x_wconf 76' lang='lat' dir='ltr'><strong>ipsanio,</strong></span> <span class='ocrx_word' id='word_1_196' title='bbox 782 3148 846 3211; x_wconf 85' lang='lat' dir='ltr'><strong>quo</strong></span> <span class='ocrx_word' id='word_1_197' title='bbox 860 3136 928 3212; x_wconf 21' lang='lat' dir='ltr'><strong>tam*</strong></span> <span class='ocrx_word' id='word_1_198' title='bbox 934 3129 1034 3195; x_wconf 81' lang='lat' dir='ltr'><strong>fausta</strong></span> <span class='ocrx_word' id='word_1_199' title='bbox 1048 3131 1085 3195; x_wconf 83' lang='lat' dir='ltr'><strong>de</strong></span> <span class='ocrx_word' id='word_1_200' title='bbox 1103 3126 1134 3194; x_wconf 86' lang='grc'><strong>99</strong></span> <span class='ocrx_word' id='word_1_201' title='bbox 1148 3138 1212 3216; x_wconf 84' lang='lat' dir='ltr'><strong>tam</strong></span> <span class='ocrx_word' id='word_1_202' title='bbox 1221 3132 1290 3206; x_wconf 71' lang='grc'><strong>19999</strong></span> <span class='ocrx_word' id='word_1_203' title='bbox 1306 3184 1309 3193; x_wconf 81' lang='grc'>.</span> 
     </span>
     <span class='ocr_line' id='line_1_27' title="bbox 136 3226 1287 3314; baseline 0.004 -25"><span class='ocrx_word' id='word_1_204' title='bbox 136 3246 173 3289; x_wconf 87' lang='grc'><strong>99</strong></span> <span class='ocrx_word' id='word_1_205' title='bbox 179 3227 315 3307; x_wconf 83' lang='lat' dir='ltr'><strong>jusunda</strong></span> <span class='ocrx_word' id='word_1_206' title='bbox 323 3227 417 3291; x_wconf 88' lang='lat' dir='ltr'><strong>Nobis</strong></span> <span class='ocrx_word' id='word_1_207' title='bbox 427 3226 659 3308; x_wconf 80' lang='lat' dir='ltr'><strong>perscribebas,</strong></span> <span class='ocrx_word' id='word_1_208' title='bbox 663 3227 714 3308; x_wconf 90' lang='lat' dir='ltr'><strong>qui</strong></span> <span class='ocrx_word' id='word_1_209' title='bbox 726 3227 791 3299; x_wconf 82' lang='lat' dir='ltr'><strong>dies</strong></span> <span class='ocrx_word' id='word_1_210' title='bbox 805 3226 992 3309; x_wconf 65' lang='lat' dir='ltr'><strong>invictissimi</strong></span> <span class='ocrx_word' id='word_1_211' title='bbox 1006 3229 1148 3312; x_wconf 77' lang='lat' dir='ltr'><strong>martyna</strong></span> <span class='ocrx_word' id='word_1_212' title='bbox 1156 3231 1287 3314; x_wconf 76' lang='grc'><strong>199999-</strong></span> 
     </span>
    </p>
   </div>
   <div class='ocr_carea' id='block_1_9' title="bbox 31 3325 1286 3416">
    <p class='ocr_par' dir='ltr' id='par_1_9' title="bbox 31 3325 1286 3416">
     <span class='ocr_line' id='line_1_28' title="bbox 31 3325 1286 3416; baseline 0.005 -30"><span class='ocrx_word' id='word_1_213' title='bbox 31 3363 34 3368; x_wconf 92' lang='grc'><strong>-</strong></span> <span class='ocrx_word' id='word_1_214' title='bbox 135 3325 181 3402; x_wconf 87' lang='lat' dir='ltr'><strong>tn,</strong></span> <span class='ocrx_word' id='word_1_215' title='bbox 192 3327 465 3404; x_wconf 70' lang='lat' dir='ltr'><strong>cugusnomeuNos</strong></span> <span class='ocrx_word' id='word_1_216' title='bbox 473 3344 638 3406; x_wconf 83' lang='lat' dir='ltr'><strong>gessimus,</strong></span> <span class='ocrx_word' id='word_1_217' title='bbox 644 3345 778 3408; x_wconf 87' lang='lat' dir='ltr'><strong>pugnam</strong></span> <span class='ocrx_word' id='word_1_218' title='bbox 787 3325 1286 3416; x_wconf 80' lang='lat' dir='ltr'><strong>profidcactrrumphumrecolrt</strong></span> 
     </span>
    </p>
   </div>
   <div class='ocr_carea' id='block_1_10' title="bbox 136 3423 1310 3895">
    <p class='ocr_par' dir='ltr' id='par_1_10' title="bbox 136 3423 1310 3895">
     <span class='ocr_line' id='line_1_29' title="bbox 137 3423 1310 3511; baseline 0.003 -23"><span class='ocrx_word' id='word_1_219' title='bbox 137 3423 275 3501; x_wconf 84' lang='lat' dir='ltr'><strong>abjurata</strong></span> <span class='ocrx_word' id='word_1_220' title='bbox 300 3424 356 3487; x_wconf 89' lang='lat' dir='ltr'><strong>rite</strong></span> <span class='ocrx_word' id='word_1_221' title='bbox 371 3424 494 3497; x_wconf 88' lang='lat' dir='ltr'><strong>Lutheri</strong></span> <span class='ocrx_word' id='word_1_222' title='bbox 512 3431 596 3487; x_wconf 86' lang='lat' dir='ltr'><strong>secta</strong></span> <span class='ocrx_word' id='word_1_223' title='bbox 620 3424 659 3486; x_wconf 75' lang='lat' dir='ltr'><strong>ml</strong></span> <span class='ocrx_word' id='word_1_224' title='bbox 680 3425 771 3504; x_wconf 87' lang='lat' dir='ltr'><strong>hujus</strong></span> <span class='ocrx_word' id='word_1_225' title='bbox 783 3424 984 3491; x_wconf 73' lang='lat' dir='ltr'><strong>sanctissime</strong></span> <span class='ocrx_word' id='word_1_226' title='bbox 995 3432 1106 3511; x_wconf 83' lang='lat' dir='ltr'><strong>nostra</strong></span> <span class='ocrx_word' id='word_1_227' title='bbox 1119 3426 1267 3489; x_wconf 83' lang='lat' dir='ltr'><strong>Matris</strong></span> <span class='ocrx_word' id='word_1_228' title='bbox 1243 3447 1288 3491; x_wconf 79' lang='lat' dir='ltr'><strong>sr-.</strong></span> <span class='ocrx_word' id='word_1_229' title='bbox 1308 3476 1310 3480; x_wconf 84' lang='grc'>-</span> 
     </span>
     <span class='ocr_line' id='line_1_30' title="bbox 137 3520 1287 3612; baseline 0.007 -33"><span class='ocrx_word' id='word_1_230' title='bbox 137 3538 210 3580; x_wconf 91' lang='lat' dir='ltr'><strong>num</strong></span> <span class='ocrx_word' id='word_1_231' title='bbox 225 3520 366 3581; x_wconf 90' lang='lat' dir='ltr'><strong>omnibus</strong></span> <span class='ocrx_word' id='word_1_232' title='bbox 376 3521 518 3582; x_wconf 90' lang='lat' dir='ltr'><strong>humanis</strong></span> <span class='ocrx_word' id='word_1_233' title='bbox 531 3529 600 3602; x_wconf 90' lang='lat' dir='ltr'><strong>post</strong></span> <span class='ocrx_word' id='word_1_234' title='bbox 587 3521 712 3583; x_wconf 89' lang='lat' dir='ltr'><strong>thabitis</strong></span> <span class='ocrx_word' id='word_1_235' title='bbox 726 3528 774 3583; x_wconf 90' lang='lat' dir='ltr'><strong>rat</strong></span> <span class='ocrx_word' id='word_1_236' title='bbox 761 3521 894 3583; x_wconf 84' lang='lat' dir='ltr'><strong>tionibus</strong></span> <span class='ocrx_word' id='word_1_237' title='bbox 906 3522 979 3584; x_wconf 83' lang='lat' dir='ltr'><strong>conl</strong></span> <span class='ocrx_word' id='word_1_238' title='bbox 977 3523 1088 3604; x_wconf 80' lang='lat' dir='ltr'><strong>pgisse.</strong></span> <span class='ocrx_word' id='word_1_239' title='bbox 1102 3523 1180 3599; x_wconf 84' lang='lat' dir='ltr'><strong>Quid</strong></span> <span class='ocrx_word' id='word_1_240' title='bbox 1195 3524 1287 3612; x_wconf 82' lang='lat' dir='ltr'><strong>Nobis</strong></span> 
     </span>
     <span class='ocr_line' id='line_1_31' title="bbox 136 3605 1288 3701; baseline 0.005 -24"><span class='ocrx_word' id='word_1_241' title='bbox 136 3618 324 3697; x_wconf 84' lang='lat' dir='ltr'><strong>exoptatius,</strong></span> <span class='ocrx_word' id='word_1_242' title='bbox 338 3618 412 3699; x_wconf 91' lang='lat' dir='ltr'><strong>quid</strong></span> <span class='ocrx_word' id='word_1_243' title='bbox 431 3620 583 3699; x_wconf 87' lang='lat' dir='ltr'><strong>acceptius</strong></span> <span class='ocrx_word' id='word_1_244' title='bbox 596 3619 734 3680; x_wconf 83' lang='lat' dir='ltr'><strong>accidere</strong></span> <span class='ocrx_word' id='word_1_245' title='bbox 752 3638 888 3699; x_wconf 89' lang='lat' dir='ltr'><strong>unquam</strong></span> <span class='ocrx_word' id='word_1_246' title='bbox 901 3621 1018 3700; x_wconf 87' lang='lat' dir='ltr'><strong>potuit,</strong></span> <span class='ocrx_word' id='word_1_247' title='bbox 1034 3640 1127 3701; x_wconf 91' lang='lat' dir='ltr'><strong>quam</strong></span> <span class='ocrx_word' id='word_1_248' title='bbox 1147 3605 1288 3701; x_wconf 85' lang='lat' dir='ltr'><strong>suscepta</strong></span> 
     </span>
     <span class='ocr_line' id='line_1_32' title="bbox 137 3715 1288 3797; baseline 0.002 -21"><span class='ocrx_word' id='word_1_249' title='bbox 137 3715 293 3777; x_wconf 74' lang='lat' dir='ltr'><strong>catholica</strong></span> <span class='ocrx_word' id='word_1_250' title='bbox 307 3716 422 3778; x_wconf 87' lang='lat' dir='ltr'><strong>veritat</strong></span> <span class='ocrx_word' id='word_1_251' title='bbox 415 3735 440 3779; x_wconf 84' lang='lat' dir='ltr'><strong>rs</strong></span> <span class='ocrx_word' id='word_1_252' title='bbox 452 3716 646 3797; x_wconf 86' lang='lat' dir='ltr'><strong>persuasione</strong></span> <span class='ocrx_word' id='word_1_253' title='bbox 668 3715 776 3779; x_wconf 77' lang='lat' dir='ltr'><strong>animas</strong></span> <span class='ocrx_word' id='word_1_254' title='bbox 799 3723 858 3777; x_wconf 83' lang='lat' dir='ltr'><strong>tuae</strong></span> <span class='ocrx_word' id='word_1_255' title='bbox 877 3716 1076 3780; x_wconf 82' lang='lat' dir='ltr'><strong>incolumitati</strong></span> <span class='ocrx_word' id='word_1_256' title='bbox 1091 3719 1208 3797; x_wconf 80' lang='lat' dir='ltr'><strong>egregie</strong></span> <span class='ocrx_word' id='word_1_257' title='bbox 1226 3724 1288 3778; x_wconf 88' lang='grc'><strong>999</strong></span> 
     </span>
     <span class='ocr_line' id='line_1_33' title="bbox 136 3808 1288 3895; baseline 0.002 -21"><span class='ocrx_word' id='word_1_258' title='bbox 136 3808 1288 3895; x_wconf 85' lang='lat' dir='ltr'><strong>consultum,verumqueNosacaDaoconstitutumvisibilchclesiaecaput</strong></span> 
     </span>
    </p>
   </div>
   <div class='ocr_carea' id='block_1_11' title="bbox 96 3903 1289 4580">
    <p class='ocr_par' dir='ltr' id='par_1_11' title="bbox 135 3903 1289 4193">
     <span class='ocr_line' id='line_1_34' title="bbox 135 3903 1288 3994; baseline 0.002 -23"><span class='ocrx_word' id='word_1_259' title='bbox 135 3912 210 3990; x_wconf 84' lang='lat' dir='ltr'><strong>ooli,</strong></span> <span class='ocrx_word' id='word_1_260' title='bbox 232 3932 268 3975; x_wconf 88' lang='lat' dir='ltr'><strong>ac</strong></span> <span class='ocrx_word' id='word_1_261' title='bbox 286 3911 317 3975; x_wconf 92' lang='lat' dir='ltr'><strong>in</strong></span> <span class='ocrx_word' id='word_1_262' title='bbox 334 3921 492 3994; x_wconf 88' lang='lat' dir='ltr'><strong>parentem</strong></span> <span class='ocrx_word' id='word_1_263' title='bbox 504 3920 591 3975; x_wconf 90' lang='lat' dir='ltr'><strong>tuum</strong></span> <span class='ocrx_word' id='word_1_264' title='bbox 602 3911 744 3992; x_wconf 82' lang='lat' dir='ltr'><strong>agnosci,</strong></span> <span class='ocrx_word' id='word_1_265' title='bbox 758 3903 991 3991; x_wconf 79' lang='lat' dir='ltr'><strong>tequsinvicem</strong></span> <span class='ocrx_word' id='word_1_266' title='bbox 1013 3913 1138 3975; x_wconf 92' lang='lat' dir='ltr'><strong>aNobis</strong></span> <span class='ocrx_word' id='word_1_267' title='bbox 1151 3920 1288 3974; x_wconf 91' lang='lat' dir='ltr'><strong>nostrum</strong></span> 
     </span>
     <span class='ocr_line' id='line_1_35' title="bbox 136 4009 1289 4095; baseline 0.001 -26"><span class='ocrx_word' id='word_1_268' title='bbox 136 4011 309 4090; x_wconf 87' lang='lat' dir='ltr'><strong>compellari</strong></span> <span class='ocrx_word' id='word_1_269' title='bbox 325 4011 438 4089; x_wconf 80' lang='lat' dir='ltr'><strong>tilium,</strong></span> <span class='ocrx_word' id='word_1_270' title='bbox 454 4011 486 4073; x_wconf 92' lang='lat' dir='ltr'><strong>in</strong></span> <span class='ocrx_word' id='word_1_271' title='bbox 496 4017 534 4073; x_wconf 84' lang='grc'><strong>-99</strong></span> <span class='ocrx_word' id='word_1_272' title='bbox 545 4010 914 4092; x_wconf 78' lang='lat' dir='ltr'><strong>pontificiampiotatcm,</strong></span> <span class='ocrx_word' id='word_1_273' title='bbox 928 4009 1185 4095; x_wconf 75' lang='grc'><strong>99999919991999,</strong></span> <span class='ocrx_word' id='word_1_274' title='bbox 1207 4009 1289 4070; x_wconf 90' lang='lat' dir='ltr'><strong>cari-</strong></span> 
     </span>
     <span class='ocr_line' id='line_1_36' title="bbox 136 4106 1288 4193; baseline 0.001 -28"><span class='ocrx_word' id='word_1_275' title='bbox 136 4113 289 4193; x_wconf 83' lang='lat' dir='ltr'><strong>tatemque</strong></span> <span class='ocrx_word' id='word_1_276' title='bbox 303 4127 425 4187; x_wconf 80' lang='lat' dir='ltr'><strong>omnem</strong></span> <span class='ocrx_word' id='word_1_277' title='bbox 445 4108 605 4188; x_wconf 78' lang='lat' dir='ltr'><strong>collocarit</strong></span> <span class='ocrx_word' id='word_1_278' title='bbox 618 4107 746 4193; x_wconf 83' lang='lat' dir='ltr'><strong>Mirifice</strong></span> <span class='ocrx_word' id='word_1_279' title='bbox 766 4106 880 4193; x_wconf 87' lang='lat' dir='ltr'><strong>idcirco</strong></span> <span class='ocrx_word' id='word_1_280' title='bbox 903 4106 996 4187; x_wconf 84' lang='lat' dir='ltr'><strong>animi</strong></span> <span class='ocrx_word' id='word_1_281' title='bbox 1012 4107 1201 4186; x_wconf 87' lang='lat' dir='ltr'><strong>jucunditate</strong></span> <span class='ocrx_word' id='word_1_282' title='bbox 1217 4126 1288 4187; x_wconf 88' lang='lat' dir='ltr'><strong>per-</strong></span> 
     </span>
    </p>

    <p class='ocr_par' dir='ltr' id='par_1_12' title="bbox 96 4202 1288 4580">
     <span class='ocr_line' id='line_1_37' title="bbox 137 4202 1287 4286; baseline 0.003 -24"><span class='ocrx_word' id='word_1_283' title='bbox 137 4202 207 4279; x_wconf 77' lang='lat' dir='ltr'><strong>fusi,</strong></span> <span class='ocrx_word' id='word_1_284' title='bbox 221 4204 353 4284; x_wconf 90' lang='lat' dir='ltr'><strong>primurn</strong></span> <span class='ocrx_word' id='word_1_285' title='bbox 364 4205 498 4267; x_wconf 89' lang='lat' dir='ltr'><strong>omnium</strong></span> <span class='ocrx_word' id='word_1_286' title='bbox 512 4205 663 4286; x_wconf 82' lang='lat' dir='ltr'><strong>bonorum</strong></span> <span class='ocrx_word' id='word_1_287' title='bbox 676 4204 810 4284; x_wconf 87' lang='lat' dir='ltr'><strong>largitori</strong></span> <span class='ocrx_word' id='word_1_288' title='bbox 823 4206 897 4283; x_wconf 87' lang='lat' dir='ltr'><strong>Deo,</strong></span> <span class='ocrx_word' id='word_1_289' title='bbox 910 4205 961 4284; x_wconf 85' lang='lat' dir='ltr'><strong>qui</strong></span> <span class='ocrx_word' id='word_1_290' title='bbox 975 4211 1005 4265; x_wconf 87' lang='grc'><strong>99</strong></span> <span class='ocrx_word' id='word_1_291' title='bbox 1019 4203 1137 4265; x_wconf 85' lang='lat' dir='ltr'><strong>vocavit</strong></span> <span class='ocrx_word' id='word_1_292' title='bbox 1150 4203 1179 4262; x_wconf 93' lang='lat' dir='ltr'><strong>in</strong></span> <span class='ocrx_word' id='word_1_293' title='bbox 1194 4203 1287 4265; x_wconf 89' lang='lat' dir='ltr'><strong>admi-</strong></span> 
     </span>
     <span class='ocr_line' id='line_1_38' title="bbox 96 4288 1288 4380; baseline 0 -19"><span class='ocrx_word' id='word_1_294' title='bbox 96 4288 100 4294; x_wconf 39' lang='lat'><em>*</em></span> <span class='ocrx_word' id='word_1_295' title='bbox 136 4302 231 4375; x_wconf 81' lang='lat' dir='ltr'><strong>rabile</strong></span> <span class='ocrx_word' id='word_1_296' title='bbox 244 4303 346 4365; x_wconf 92' lang='lat' dir='ltr'><strong>lumen</strong></span> <span class='ocrx_word' id='word_1_297' title='bbox 367 4322 476 4380; x_wconf 85' lang='lat' dir='ltr'><strong>suurn,</strong></span> <span class='ocrx_word' id='word_1_298' title='bbox 490 4320 623 4364; x_wconf 90' lang='lat' dir='ltr'><strong>summas</strong></span> <span class='ocrx_word' id='word_1_299' title='bbox 636 4301 784 4364; x_wconf 89' lang='lat' dir='ltr'><strong>habemus</strong></span> <span class='ocrx_word' id='word_1_300' title='bbox 806 4300 1018 4363; x_wconf 71' lang='lat' dir='ltr'><strong>ae³reddimus</strong></span> <span class='ocrx_word' id='word_1_301' title='bbox 1036 4301 1165 4379; x_wconf 81' lang='lat' dir='ltr'><strong>gratias,</strong></span> <span class='ocrx_word' id='word_1_302' title='bbox 1182 4308 1244 4364; x_wconf 87' lang='lat' dir='ltr'><strong>tam</strong></span> <span class='ocrx_word' id='word_1_303' title='bbox 1259 4310 1288 4362; x_wconf 87' lang='grc'><strong>99</strong></span> 
     </span>
     <span class='ocr_line' id='line_1_39' title="bbox 137 4399 1287 4482; baseline 0.001 -23"><span class='ocrx_word' id='word_1_304' title='bbox 137 4399 412 4462; x_wconf 74' lang='grc'><strong>9919991999119919</strong></span> <span class='ocrx_word' id='word_1_305' title='bbox 425 4401 581 4478; x_wconf 72' lang='lat' dir='ltr'><strong>Ecclesiae,</strong></span> <span class='ocrx_word' id='word_1_306' title='bbox 596 4421 664 4482; x_wconf 83' lang='lat' dir='ltr'><strong>quae</strong></span> <span class='ocrx_word' id='word_1_307' title='bbox 675 4401 749 4463; x_wconf 89' lang='lat' dir='ltr'><strong>dum</strong></span> <span class='ocrx_word' id='word_1_308' title='bbox 761 4401 791 4461; x_wconf 92' lang='lat' dir='ltr'><strong>in</strong></span> <span class='ocrx_word' id='word_1_309' title='bbox 804 4419 893 4462; x_wconf 84' lang='lat' dir='ltr'><strong>suurn</strong></span> <span class='ocrx_word' id='word_1_310' title='bbox 908 4407 937 4463; x_wconf 85' lang='lat' dir='ltr'><strong>te</strong></span> <span class='ocrx_word' id='word_1_311' title='bbox 951 4400 1128 4461; x_wconf 84' lang='lat' dir='ltr'><strong>redeuntem</strong></span> <span class='ocrx_word' id='word_1_312' title='bbox 1139 4402 1287 4480; x_wconf 84' lang='lat' dir='ltr'><strong>gremium</strong></span> 
     </span>
     <span class='ocr_line' id='line_1_40' title="bbox 138 4497 1288 4580; baseline 0.002 -23"><span class='ocrx_word' id='word_1_313' title='bbox 138 4497 332 4579; x_wconf 79' lang='lat' dir='ltr'><strong>cupidissime</strong></span> <span class='ocrx_word' id='word_1_314' title='bbox 355 4498 482 4579; x_wconf 80' lang='lat' dir='ltr'><strong>exeipit,</strong></span> <span class='ocrx_word' id='word_1_315' title='bbox 506 4500 720 4579; x_wconf 78' lang='grc'><strong>991119999999</strong></span> <span class='ocrx_word' id='word_1_316' title='bbox 744 4499 914 4564; x_wconf 75' lang='lat' dir='ltr'><strong>seclusione</strong></span> <span class='ocrx_word' id='word_1_317' title='bbox 928 4504 1051 4563; x_wconf 87' lang='lat' dir='ltr'><strong>auctam</strong></span> <span class='ocrx_word' id='word_1_318' title='bbox 1066 4516 1098 4563; x_wconf 88' lang='lat' dir='ltr'><strong>se</strong></span> <span class='ocrx_word' id='word_1_319' title='bbox 1115 4500 1243 4580; x_wconf 64' lang='lat' dir='ltr'><strong>garon,</strong></span> <span class='ocrx_word' id='word_1_320' title='bbox 1258 4505 1288 4559; x_wconf 91' lang='lat' dir='ltr'><strong>et</strong></span> 
     </span>
    </p>
   </div>
   <div class='ocr_carea' id='block_1_12' title="bbox 0 0 1598 5414">
    <p class='ocr_par' dir='ltr' id='par_1_13' title="bbox 0 0 1598 5414">
     <span class='ocr_line' id='line_1_41' title="bbox 0 0 1598 5414; baseline 0 1"><span class='ocrx_word' id='word_1_321' title='bbox 0 0 1598 5414; x_wconf 95' lang='lat' dir='ltr'><strong> </strong></span> 
     </span>
    </p>
   </div>
  </div>
 </body>
</html>
