3188 5414
226 500 277 548 aad
626 535 628 540 ,
656 487 858 544 CLEMENTlS
873 488 938 541 xlv

224 597 471 662 studiosissimam
483 596 680 657 voluntatem.
695 595 829 673 Cumque
843 592 922 653 hanc
942 598 1076 651 nostram
1089 607 1125 649 ex
1143 592 1197 649 tua
1212 587 1377 649 excellenti

223 697 332 757 virtute
346 699 519 775 perceptam
537 691 669 752 letitiam
682 691 735 752 tibi
750 690 850 770 aliquo
868 692 1044 768 argumento
1058 685 1293 766 comprobatam
1309 702 1377 746 esse

223 793 380 874 cupiamus
399 790 472 851 illud
494 788 666 867 hujusmodi
687 788 787 849 indicii
805 805 898 867 genus
919 785 1049 848 maxime
1071 790 1330 858 consent-aueum,
1344 790 1377 843 et

223 896 350 972 patemo
359 894 462 949 nostro
477 885 576 946 studio
584 891 616 948 et
628 885 761 965 religioni
776 893 835 946 turc
842 884 991 960 ducimus,
1001 881 1084 962 quod
1098 879 1268 952 incitandas,
1282 885 1376 959 atque

224 985 364 1065 augendas
388 983 459 1044 huic
473 982 528 1064 ipsi
546 989 604 1043 tuae
627 981 657 1042 in
671 985 766 1042 Deum
784 982 887 1062 pietati
912 981 949 1042 sit
971 980 1170 1062 aptissimrnn.
1188 980 1296 1057 ltaque
1320 996 1375 1038 sa·

223 1103 308 1145 erum
317 1082 488 1164 precatoria
502 1098 619 1142 corona
631 1098 741 1141 munus
753 1080 792 1141 ad
801 1081 987 1158 Majestatem
996 1083 1094 1142 Tuam
1108 1070 1268 1151 mittimus,
1278 1095 1375 1156 quam

222 1181 332 1242 dilecto
346 1180 407 1241 filio
418 1178 520 1241 comiti
531 1178 569 1239 de
579 1180 726 1257 Partengo
740 1177 838 1240 isthuc
850 1177 1009 1239 reuertenti
1024 1176 1063 1238 ad
1074 1182 1105 1237 te
1115 1173 1310 1236 deferendam
1322 1174 1375 1236 de·
1398 1241 1405 1253 ,
1433 1195 1435 1200 ·

222 1277 330 1337 dimus.
348 1278 524 1355 Pergratum
546 1274 605 1335 hoc
623 1280 704 1334 certe
724 1280 814 1353 atque
834 1274 873 1334 ad
893 1273 1036 1353 precandi
1054 1290 1143 1334 usum
1155 1277 1374 1352 peracceptum

222 1371 417 1435 tibiiuturum
429 1370 541 1432 scimus
550 1368 589 1430 ob
599 1368 794 1448 apostolicam
803 1367 1043 1431 benedictionem
1054 1366 1172 1429 aNobis
1182 1365 1374 1444 adjunctam,

225 1474 255 1526 et
269 1471 411 1547 preterea
422 1481 459 1523 ex
478 1461 589 1542 apertis
607 1461 746 1523 Ecclesia
766 1462 916 1525 thesauris
934 1463 1014 1525 aliud
1027 1462 1214 1524 uberrimum
1233 1461 1335 1524 eidem
1356 1485 1375 1526 a

223 1561 317 1623 Nobis
327 1559 461 1621 additum
471 1557 612 1639 pretium.
624 1559 700 1618 Nam
710 1578 766 1638 pro
775 1559 915 1622 omnibus
928 1559 1241 1623 lestisdiebusilhristi
1252 1560 1372 1621 Domini

222 1661 320 1719 Beate
331 1655 431 1718 Mariae
440 1654 579 1734 Virginis,
590 1655 769 1718 Sanctorum
782 1659 836 1718 Xll
847 1658 1061 1738 Apostolorum
1071 1665 1162 1736 atque
1173 1654 1266 1718 etiam
1281 1658 1375 1719 Sanc

222 1762 334 1832 torum,
347 1772 423 1834 quos
440 1753 494 1813 tibi
506 1752 654 1834 precipue
669 1753 861 1842 intpatronos
879 1755 1025 1835 delegisti,
1041 1754 1066 1815 si
1080 1753 1217 1816 contessa
1234 1772 1272 1814 ac
1286 1772 1374 1816 sacra

222 1852 435 1916 communione
457 1850 585 1929 relecta,
608 1868 703 1931 eaque
717 1869 830 1914 corona
848 1851 879 1912 in
896 1851 955 1912 tuis
972 1851 1110 1932 precibus
1131 1849 1295 1911 recitandis
1318 1871 1374 1913 usa
1474 1883 1477 1890 ·

221 1949 323 2026 fueris,
333 1947 499 2029 plenariam
515 1947 570 2010 tihi
582 1955 776 2028 peccatorum
786 1948 1003 2029 indulgentiam
1014 1947 1180 2028 apostolica
1189 1949 1373 2012 auctoritate

224 2046 417 2108 concedimus
429 2052 521 2125 atque
542 2044 743 2126 impertimur.
759 2045 808 2108 Ad
825 2046 903 2109 hanc
917 2046 1086 2125 religiosam
1099 2064 1172 2124 erga
1187 2051 1218 2106 te
1237 2045 1376 2109 liberali-

220 2153 314 2207 tatem
325 2146 406 2207 ultro
422 2144 614 2222 devenimus,
630 2145 829 2207 carissimam
848 2144 963 2206 Christo
983 2144 1045 2205 filia
1055 2151 1159 2207 nostra
1168 2188 1178 2221 ‚
1190 2150 1245 2206 tua
1262 2144 1373 2206 eximia

219 2247 330 2330 pietate
339 2245 471 2322 excitati,
483 2263 575 2324 quam
588 2262 650 2305 non
664 2243 762 2304 solum
771 2242 825 2304 tibi
834 2242 1032 2320 fructuosam,
1042 2242 1094 2304 sed
1103 2240 1196 2302 Nobis
1210 2241 1286 2303 item
1301 2261 1375 2323 per-

221 2343 325 2404 utilem
336 2341 400 2403 iore
420 2340 612 2402 arbitramur.
625 2343 658 2400 ln
671 2339 728 2400 tuis
742 2339 823 2400 enim
838 2339 876 2402 ad
894 2343 990 2403 Deum
1005 2339 1158 2420 precibus,
1173 2356 1246 2399 curn
1260 2347 1377 2401 sanctas

220 2438 358 2500 Ecclesia
378 2437 511 2498 rationes
524 2436 566 2497 illi
580 2436 849 2515 commendaveris,
868 2438 962 2500 nostri
976 2438 1080 2510 etiam,
1101 2436 1210 2518 quibus
1232 2437 1375 2515 ejusdem

220 2536 353 2616 regendae
362 2535 573 2616 gravissimum
582 2545 629 2596 est
643 2555 753 2597 munus
762 2536 947 2617 impositum,
958 2555 1019 2599 non
1030 2536 1242 2598 immemorem
1251 2555 1311 2615 pro
1321 2543 1375 2598 tua

220 2635 251 2695 in
267 2631 498 2695 sanctam-hanc
518 2630 627 2692 Sedem
648 2631 804 2694 devotione
824 2639 854 2693 ta
870 2632 1003 2694 futuram
1026 2632 1149 2695 omnino
1170 2633 1376 2712 confidimus,

219 2731 309 2812 idque
330 2751 348 2793 a
366 2738 396 2792 te
413 2747 595 2810 magnopere
612 2729 792 2810 flagitamus.
816 2731 890 2793 Cum
904 2730 1005 2811 igitur,
1028 2730 1227 2793 carissimam
1252 2731 1375 2796 Christo

214 2820 280 2892 ¹tilia
290 2835 404 2907 nostra,
420 2844 599 2909 persuasum
610 2835 655 2889 est
675 2829 767 2890 Nobis
786 2846 847 2890 non
869 2829 1051 2891 mediocrem
1063 2830 1179 2891 factum
1191 2828 1244 2902 iri,
1259 2848 1299 2890 ex
1314 2831 1376 2893 hoo

218 2929 397 2991 munusculo
411 2934 514 2989 nostro
533 2927 651 3007 pietatis
664 2911 724 2988 tuae
738 2927 951 3005 accessionem,
963 2928 1155 2989 vehementer
1170 2934 1330 3008 optamus,
1341 2937 1375 2990 ut

217 3026 290 3088 illud
305 3027 396 3088 etiam
410 3045 501 3106 penes
522 3030 553 3086 te
565 3026 677 3087 habere
691 3024 764 3086 velis
784 3033 941 3106 tamquam
955 3031 1186 3087 monumentum
1206 3024 1376 3104 pontificias
1432 3040 1434 3045 ·

218 3124 361 3194 caritatis,
370 3130 467 3204 quate
476 3123 663 3203 singulariter
673 3122 894 3202 prosequimur,
903 3121 1267 3202 quaqueMajestatiTuc‚
1277 3132 1372 3200 atque

218 3221 362 3282 universae
382 3220 478 3298 Regiae
494 3220 603 3281 Domui
617 3237 776 3299 prospera,
799 3237 834 3280 ac
854 3220 986 3281 secunda
1005 3219 1107 3282 omnia
1130 3239 1149 3281 a
1168 3221 1231 3283 Deo
1244 3218 1370 3298 Optimo

217 3316 349 3379 Maximo
371 3334 542 3397 precamur,
554 3335 589 3377 ae
605 3316 710 3377 divinae
727 3317 829 3396 gratia
843 3319 996 3400 auspicem
1008 3318 1209 3399 apostolicam
1220 3316 1369 3378 benedie-

220 3413 334 3472 tiouem
346 3413 453 3475 intimo
471 3412 588 3493 paterni
600 3412 692 3472 animi
711 3431 799 3474 sensu
818 3414 1022 3476 amantissime
1039 3415 1241 3496 impertimur.
1255 3416 1369 3476 Datum

217 3512 333 3586 Romae,
346 3504 584 3590 aped'Sauctam
599 3513 731 3571 Mariam
747 3514 903 3589 Maiorem,
916 3516 969 3574 sab
989 3516 1110 3576 Annulo
1126 3517 1306 3590 Piscatores,
1320 3514 1370 3574 die

218 3617 384 3692 taaupastr‘
402 3623 487 3684 1773,
496 3615 689 3690 pontificatus
704 3616 800 3672 nostri
818 3631 896 3673 aueo
918 3618 1034 3692 quinto.

703 3821 888 3893 CCXXXV.

384 3981 386 3985 ’
450 3968 672 4012 ornncnssuto
695 3968 886 4013 incantato
909 3970 994 4014 cluo
1016 3970 1132 4012 NOSTRO

291 4056 443 4116 CAROLO
471 4056 682 4117 Tflucnono
708 4056 820 4126 nuel,
842 4056 1109 4118 amuletum
1138 4057 1294 4131 COMffl,

347 4163 528 4212 rnuarruo
550 4163 679 4221 auum,
699 4162 724 4211 s.
747 4163 776 4210 u.
798 4162 820 4210 1.
843 4164 1015 4212 remorer
1035 4164 1221 4214 nnncrour

530 4250 764 4347 munaus
792 4251 921 4329 rara
948 4252 1053 4329 xiv.

931 4395 1027 4453 Roma,
1041 4392 1286 4455 regennarum.

262 4479 475 4552 Dilectissime,
497 4486 552 4542 etc.
579 4479 773 4542 Verissimum
797 4480 927 4562 itemquo
949 4479 1187 4543 amantissimum
1210 4489 1256 4543 ost
1279 4489 1373 4544 tuum
