3188 5414
237 488 272 537 88
590 508 592 513 ’
667 484 870 541 CLEMENTIS
889 486 954 538 XIV

237 591 357 662 obstat,
373 589 454 668 quod
462 589 646 652 declaratam
659 610 676 651 a
687 598 716 651 te
727 590 848 654 minime
864 589 1018 650 rideamus
1028 608 1107 665 earn,
1120 607 1185 669 qua
1199 591 1336 652 maxima
1349 610 1386 653 ac

234 683 407 764 gravissima
417 685 585 764 essedebet,
596 704 729 764 causam,
742 691 776 746 ut
786 692 870 746 tanto
882 685 1037 746 intervallo
1048 684 1187 747 recedere
1196 686 1257 747 Nos
1263 705 1356 768 posse
1367 708 1386 749 a

233 780 428 846 severissimis
442 800 596 843 sacrorum
607 798 762 856 ,canonum
774 781 890 860 legibus
907 781 938 842 in
951 782 1086 842 animum
1105 782 1296 844 inducamus.
1310 785 1383 858 Quoe

233 876 354 959 quidem
374 878 552 957 tuendarum
570 879 671 958 legntn
692 877 770 942 ratio
782 877 881 957 coegit
899 879 960 939 Nos
979 896 1086 959 nuper,
1108 885 1142 940 ut
1162 879 1264 941 alteris
1283 880 1380 945 eiiam

232 972 429 1053 Eligibilitatis
447 976 498 1054 jus
513 975 635 1047 aNobis
647 974 850 1054 flagitantibus
864 992 980 1039 morem
1000 993 1104 1054 gerere
1120 993 1181 1059 non
1200 994 1374 1061 possemus.

233 1071 266 1132 ld
285 1073 346 1133 Nos
356 1072 478 1153 quidem
505 1080 558 1134 tua
578 1091 670 1135 causa
694 1072 872 1159 permoleste
886 1071 1027 1151 ferimus,
1050 1065 1197 1153 tantoque
1218 1074 1377 1136 molestius

228 1174 343 1249 quanto
357 1169 493 1251 cupidius
504 1176 534 1231 et
545 1166 692 1231 desiderio
705 1175 770 1247 tuo,
783 1175 814 1230 et
833 1173 937 1230 nostro
957 1166 996 1230 de
1016 1169 1153 1248 augenda
1165 1176 1220 1231 tua
1230 1170 1377 1250 dignitato

230 1266 329 1330 studio
337 1266 593 1330 satisfecissemus.
605 1270 701 1342 Quam
713 1268 835 1349 quidem
843 1268 1030 1329 voluntatem
1043 1275 1178 1330 nostram
1187 1269 1376 1333 testatiorem

228 1362 282 1424 tibi
298 1363 411 1441 lacera,
423 1383 494 1426 cum
504 1383 553 1426 res
565 1365 685 1442 tulerit,
697 1382 815 1446 semper
826 1363 1007 1446 paratissimi
1020 1383 1136 1444 sumus,
1148 1367 1376 1446 acinejusdem

228 1461 425 1542 nuncpignns
438 1461 633 1541 apostolicam
648 1461 887 1525 benedictionem
901 1463 1092 1529 Fraternitati
1104 1472 1162 1529 tua
1179 1474 1376 1548 peramanter

227 1555 426 1637 impertimur.
443 1559 554 1636 Datum
564 1559 675 1636 Romae,
687 1565 763 1634 περ,
774 1559 825 1619 dic
837 1571 871 1620 la
887 1564 961 1620 maii
976 1573 1048 1623 17ῖο
1060 1607 1069 1638 ,
1076 1566 1269 1641 pontificatus
1277 1567 1375 1629 nostra

227 1672 306 1714 anno
316 1655 452 1716 secando.
484 1682 488 1689 .
630 1676 632 1681 ·
1029 1675 1032 1682 ·
1312 1684 1314 1689 ·

704 1744 887 1762 μ-κ--ι-

721 1828 867 1899 LXXIX.

677 1976 810 2018 DIIAECTO
832 1978 918 2021 rruo

374 2071 534 2157 JOANNI
561 2072 888 2134 CHRYSOSTOMO
913 2075 1216 2146 TROMBELLIO,
1258 2076 1261 2081 ’

449 2184 608 2234 canonico
624 2186 783 2234 arsuram
798 2188 909 2236 sanari
925 2188 1134 2249 sanvnroms,

393 2314 395 2320 ¹
499 2279 760 2362 CLEMENS
788 2283 931 2363 'PAPA
968 2284 1082 2361 XIV.

996 2429 1096 2487 Romae,
1108 2433 1137 2475 ae
1153 2424 1209 2486 maji
1230 2428 1299 2476 177⁰.

261 2530 400 2605 Dilecta,
416 2537 472 2591 etc.
486 2527 734 2592 Dissertationum
747 2536 870 2595 tuarum
882 2531 1087 2612 liturgicarum
1101 2530 1269 2593 secundum
1281 2532 1368 2595 volu-

221 2645 292 2689 men
305 2626 486 2708 perlibenter
499 2627 670 2709 aocepimus
692 2634 836 2708 tanquam
847 2645 960 2691 novum
976 2647 1013 2704 ac
1025 2628 1137 2689 illustre
1151 2635 1209 2689 tuae
1224 2645 1288 2691 non
1306 2628 1369 2690 mi-

221 2724 279 2788 nua'
291 2725 452 2796 bocauna.
466 2727 567 2807 'quan
580 2725 845 2792 observantissime
858 2726 890 2788 in
900 2728 962 2788 Nos
973 2726 1135 2789 voluntatis
1146 2725 1365 2789 testimonium.

220 2824 305 2899 Quod
314 2832 476 2905 utrumque
492 2832 551 2887 ate
562 2823 655 2886 Nobis
665 2842 736 2887 eum
745 2825 776 2887 In
786 2824 912 2891 modum
923 2823 1094 2901 confirmari
1104 2823 1159 2885 fuit
1170 2841 1243 2885 sanc
1251 2824 1368 2902 jucun-

219 2922 386 2988 dissimum.
405 2925 467 2985 Nos
483 2922 587 2984 itidem
601 2921 816 2984 confirmamus
838 2922 950 2984 idcirco
962 2921 1017 2983 tibi
1037 2928 1068 2983 et
1085 2918 1249 3002 plurimam
1261 2917 1347 2982 illam
1355 2967 1365 3006 ,

218 3035 280 3098 qua
293 3025 322 3080 te
331 3037 449 3100 semper
475 3017 647 3099 presequuti
661 3037 777 3096 sumus,
793 3017 1055 3094 existimationem,
1068 3024 1100 3078 et
1111 3023 1270 3097 paternam
1281 3061 1291 3094 ,
1304 3036 1367 3098 qua

219 3121 249 3174 te
259 3113 447 3195 singulariter
458 3114 704 3194 complectimur,
720 3115 888 3193 caritatem,
904 3121 934 3176 et
951 3113 1091 3194 gratiam,
1106 3131 1236 3194 eumque
1249 3122 1363 3194 ergata

218 3209 395 3290 profitemur
410 3210 543 3271 animum
560 3216 769 3287 nostrum‚'ut
783 3230 839 3291 pro
860 3212 1104 3293 opportunitate,
1124 3219 1154 3272 et
1173 3211 1364 3292 egregiorum

218 3306 356 3372 laborum
378 3306 614 3386 meritorumque
640 3312 783 3385 tuorum,
807 3315 839 3370 et
855 3315 914 3370 tuae
928 3309 959 3371 in
982 3311 1043 3370 Nos
1062 3308 1180 3390 pietatis
1197 3308 1381 3372 maximam

218 3403 366 3466 rationem
385 3403 479 3466 simus
487 3420 607 3484 semper
617 3402 759 3468 habituri.
776 3405 897 3469 Interim
910 3407 1105 3488 apostolicam
1116 3405 1362 3469 benedictionem

217 3500 286 3579 tibi,
303 3500 411 3563 dilecte
424 3500 484 3580 fili,
507 3508 624 3582 tuaeque
644 3501 786 3582 religiosae
806 3502 924 3577 familia
940 3510 1133 3584 peramanter
1155 3502 1360 3584 impertimur.

217 3603 329 3663 Datum
352 3602 563 3679 sommare,
596 3602 646 3664 die
670 3614 723 3669 ab⁴
739 3608 815 3677 mnia·
838 3610 925 3680 1170,
943 3607 1138 3685 ponttjicatns
1156 3609 1250 3666 nostri
1279 3623 1363 3667 anno

214 3699 352 3765 secunde.
738 3702 741 3707 ’

692 3786 870 3797 -ι--ηη-

651 3892 653 3897 ·
717 3872 846 3941 LXXX.

621 4026 810 4069 VENERABILI
833 4028 946 4069 FRATRI

253 4104 394 4192 sonum
415 4121 612 4188 sarrrsra
631 4125 804 4185 nuromo
822 4126 1126 4188 mnararrscoro
1147 4102 1332 4199 nonensi?

525 4237 758 4320 CLEIIIENS
785 4239 913 4319 PAPA
940 4241 1047 4318 XIV.

996 4385 1095 4445 noma,
1109 4390 1139 4432 au
1152 4381 1295 4442 rnajtrrro.

257 4477 452 4557 Venerabilis,
463 4493 521 4547 eto.
546 4487 724 4566 Accepimus
746 4489 858 4550 litteras
881 4487 1086 4549 Fratemitatis
1105 4491 1183 4563 tua·
1196 4505 1232 4546 oa
1246 4484 1363 4564 quibus
