3188 5414
647 512 850 569 creaturus
865 514 942 566 XIV-

671 720 675 730 ·
704 690 882 770 CCLXXV.

432 871 665 912 uruucrrssrurs
688 871 722 910 rn
746 869 878 910 cnarsro
903 840 993 907 rr'nr'ru
1017 865 1145 907 nosram
1211 861 1214 870 ’

287 977 464 1043 aLOYSIAE
483 976 621 1036 MARIAE
641 977 773 1036 REGIAE
795 975 1026 1036 GALLIARUM
1047 972 1301 1033 PRINCIPISSAE

526 1109 761 1186 CLEMENS
787 1111 915 1186 PAPA
944 1108 1053 1184 XIV.

1019 1269 1116 1324 Romae,
1129 1270 1142 1314 4
1153 1265 1214 1325 iunii
1235 1269 1303 1314 1774.

257 1392 476 1458 Dilectissimo,
492 1394 551 1446 etc.
572 1388 673 1467 Nuper
683 1386 882 1448 intelleximus
898 1392 928 1447 te
940 1385 1026 1447 valde
1035 1404 1145 1466 cupere
1161 1405 1197 1447 ac
1210 1386 1285 1447 dare
1296 1406 1368 1466 ope-

198 1540 201 1545 .
217 1507 294 1564 ram,
304 1484 496 1549 dilectissima
508 1485 538 1546 in
550 1484 667 1546 Christo
679 1484 740 1546 filla
748 1491 867 1562 nostra,
880 1491 912 1545 ut
922 1482 960 1545 ad
971 1483 1055 1545 istius
1068 1489 1125 1544 tuae
1135 1483 1365 1544 Carmelitarnm

218 1585 348 1648 ecclesiae
360 1589 571 1646 ornamentum
581 1602 632 1644 sex
643 1580 680 1643 e'x
691 1586 813 1662 argento
827 1582 1087 1645 candelabracum
1101 1581 1237 1643 crucifixi
1248 1584 1363 1644 Domini

217 1681 315 1760 effigie
334 1699 426 1761 quam
444 1680 576 1761 primum
591 1699 757 1760 compares.
778 1680 855 1741 Nihil
878 1681 992 1760 gratius
1011 1687 1100 1760 atque
1118 1680 1254 1761 optatius
1274 1681 1363 1742 Nobis

219 1775 353 1838 accidere
367 1776 481 1858 potuit,
501 1794 593 1855 quam
606 1775 685 1836 banc
698 1775 955 1857 opportunitatem
966 1794 1035 1837 cum
1044 1775 1149 1857 pietati
1159 1782 1218 1837 tuae
1233 1782 1297 1837 tam
1310 1795 1364 1837 vo-

218 1873 324 1936 luntati
336 1873 364 1933 in
381 1879 412 1935 te
424 1879 531 1935 nostrae
543 1878 776 1937 consentaneam
789 1879 895 1934 nactos
903 1872 964 1934 Nos
973 1891 1036 1933 esse
1047 1879 1080 1933 ut
1094 1872 1244 1965 ejusmodi
1257 1891 1364 1934 munus

217 1973 255 2036 ad
267 1979 296 2034 te
315 1974 417 2040 statim
429 1974 629 2035 transmittere
647 1974 812 2037 valeamus.
823 1971 900 2034 lllud
911 1972 1001 2053 igitur
1010 1972 1181 2035 Venerabili
1190 1973 1289 2034 Fratri
1299 1992 1364 2033 nos·

218 2077 269 2131 tro'
282 2072 450 2134 Francescc
463 2069 620 2135 loachimo
630 2070 660 2131 S.
673 2073 709 2131 R.
724 2073 766 2137 E,
777 2069 926 2132 cardinali
940 2068 977 2130 de
991 2069 1095 2133 Bernis
1111 2070 1256 2151 episcopo
1271 2070 1365 2131 atha-

218 2168 302 2234 nensi
313 2168 508 2245 tradidimus,
524 2174 557 2228 ut
569 2166 607 2228 ad
621 2177 650 2228 te
662 2173 766 2230 nostro
779 2166 901 2230 nomine
913 2165 1108 2229 deferendum
1117 2186 1174 2249 pro
1194 2186 1251 2229 suc
1263 2166 1293 2227 in
1308 2166 1365 2227 Nos

217 2251 305 2347 teque
319 2257 417 2329 studio
432 2266 588 2346 diligenter
603 2274 688 2328 curet
693 2290 706 2346 3,
717 2284 798 2327 nuno
812 2284 830 2326 a
849 2271 880 2326 te
893 2265 1086 2326 vehementer
1101 2262 1251 2345 petimus,
1272 2263 1365 2325 ddec-

217 2363 332 2425 tissima
346 2363 376 2424 in
388 2363 504 2426 Christo
515 2363 576 2424 filia
589 2370 703 2441 nostra,
719 2369 752 2425 ut
767 2383 819 2439 eo,
834 2382 896 2444 quo
907 2363 1024 2425 aNobis
1036 2363 1248 2445 proficiscitur,
1265 2365 1365 2426 auimo
1422 2349 1425 2355 ¹

217 2450 297 2523 idem
312 2462 447 2543 excipere
459 2461 547 2539 velis,
563 2480 686 2524 summae
699 2461 842 2522 nimirum
856 2479 927 2540 erga
939 2467 970 2522 te
989 2466 1121 2542 paternae
1134 2461 1271 2523 caritatis
1285 2462 1365 2523 exis-

187 2632 189 2637 ,
216 2557 438 2639 timationisque
451 2557 634 2638 plenissimo.
648 2558 709 2619 Etsi
721 2558 746 2619 is
757 2558 810 2619 tibi
822 2559 1079 2639 perspectissimus
1095 2559 1292 2640 jampridem
1310 2561 1364 2635 sit,

217 2664 319 2718 tamen
332 2657 411 2718 hanc
425 2656 559 2735 ejusdem
575 2656 629 2717 tibi
647 2655 897 2736 significationem
911 2657 1090 2738 perlibenter
1109 2675 1296 2720 renovamus
1308 2658 1365 2720 hoc

216 2755 281 2836 ipso
294 2755 460 2836 prasertim
476 2761 684 2836 temporeque
703 2759 821 2817 sextum
838 2755 920 2834 jam,
931 2761 1037 2817 exacto
1050 2754 1156 2836 quinto
1172 2756 1367 2837 auspicamur

217 2851 311 2913 nostri
324 2851 517 2934 pontificatus
530 2871 654 2913 annum.
669 2853 753 2913 Nova
764 2850 845 2914 enim
857 2870 894 2912 ex
904 2852 964 2913 boc
976 2851 1069 2913 Nobis
1078 2856 1136 2913 tuae
1149 2850 1273 2933 pietatis
1289 2873 1365 2934 pra-

217 2947 292 3016 sidia
307 2967 536 3030 comparamus,
554 2947 664 3029 quibus
675 2947 863 3010 imbecillitas
877 2955 981 3009 nostra
996 2967 1052 3029 pro
1062 2949 1180 3030 reliquo
1193 2949 1366 3032 apostolica

217 3047 441 3126 sollicitudinis,
456 3048 584 3129 siquem
599 3050 678 3111 Deus
697 3047 843 3110 concedet
860 3066 951 3109 cursu
967 3047 1148 3110 sublevetur.
1175 3049 1367 3131 Quapropter

218 3152 249 3206 ut
260 3145 443 3208 ardentiores
450 3166 505 3228 pro
515 3146 607 3208 Nobis
617 3152 684 3208 tuas
695 3145 733 3208 ad
742 3140 840 3207 Deum
848 3143 1035 3226 precationes
1048 3142 1224 3225 reddamus,
1235 3146 1366 3208 salutare

217 3240 319 3302 itidem
332 3243 471 3322 plenarie
485 3241 673 3325 indulgentie
687 3261 797 3304 munus
817 3241 915 3303 eidem
934 3241 1068 3303 crucifixi
1082 3241 1206 3321 imagini
1223 3240 1365 3323 adjungi-

217 3355 284 3397 mus
297 3355 353 3417 pro
368 3337 551 3401 solemnibus
562 3336 670 3400 Christi
683 3337 813 3416 Domini,
826 3341 861 3400 B.
878 3340 919 3400 Μ.
936 3337 1077 3418 Virginis,
1090 3337 1268 3401 Sanctorum
1281 3339 1365 3401 Petri

216 3440 246 3494 et
255 3433 351 3513 Pauli,
360 3435 454 3497 sancti
463 3433 605 3504 Ludovioi
615 3435 778 3498 Galliarum
787 3436 901 3516 regiset
913 3441 1022 3497 sanctae
1033 3435 1138 3496 matris
1149 3441 1210 3497 ture
1219 3434 1366 3522 'lberesire

217 3524 426 3601 festivitatibus
438 3550 530 3612 quam
547 3530 761 3613 indulgentiam
772 3532 827 3594 tibi
838 3539 870 3593 et
883 3531 999 3593 dilectis
1016 3532 1048 3592 in
1059 3531 1176 3594 Christo
1191 3531 1313 3594 filiabus
1322 3534 1365 3594 tui

216 3628 585 3697 monasteriimonialibus
600 3638 630 3692 et
649 3629 786 3693 fidelibus
799 3630 939 3692 ornnibus
956 3630 1099 3693 confessis
1111 3638 1141 3692 et
1156 3637 1263 3695 sancta
1279 3653 1366 3697 com-

215 3726 358 3788 munione
369 3726 486 3799 reiectis
494 3775 502 3806 ,
520 3747 683 3809 coramque
697 3748 734 3791 ea
746 3728 874 3809 imagine
885 3728 942 3790 rite
952 3728 1107 3791 orantibus
1118 3732 1287 3811 apostolica
1298 3754 1366 3797 auc-

216 3824 336 3913 toritate
354 3826 562 3906 concedimus,
575 3847 611 3888 ac
627 3826 825 3906 indulgemus.
839 3825 962 3888 Minime
974 3825 1025 3889 bic
1034 3845 1156 3890 necesse
1169 3828 1367 3911 arbitramur,

216 3922 408 3985 dilectissima
424 3922 455 3983 in
471 3925 587 3989 Christo
609 3923 671 3986 tilia
688 3929 809 4000 nostra,
833 3930 867 3984 ut
885 3921 1006 4007 aliquod
1025 3924 1079 3986 tibi
1093 3943 1239 3988 conemur
1258 3927 1368 3992 afferre

216 4018 427 4083 consolationis
446 4039 557 4100 genus,
574 4040 635 4101 quo
654 4021 769 4082 luctum
792 4019 830 4081 ad
852 4021 987 4082 dolorem
1007 4013 1094 4082 tuum
1115 4041 1152 4084 ex
1166 4025 1369 4089 amantissimi

216 4124 247 4178 et
263 4117 467 4197 gloriosissimi
481 4118 615 4179 Parentis
627 4117 712 4180 obitu
726 4123 901 4202 perceptum
917 4116 1137 4197 aliquantulum
1146 4118 1311 4183 leniamus.
1326 4120 1371 4186 Te

216 4213 296 4275 enim
313 4213 344 4275 in
358 4217 486 4277 Domino
502 4216 651 4276 consolari
668 4217 790 4297 ejusque
806 4214 999 4279 sanctissimae
1015 4216 1162 4278 voluntati
1176 4237 1233 4299 pro
1245 4225 1303 4281 tua
1318 4238 1369 4282 re-

217 4305 325 4385 ligione
341 4310 523 4372 conformari
538 4318 627 4392 atque
643 4313 832 4393 acquiescere
846 4331 906 4373 non
920 4310 1111 4386 dubitamus,
1128 4320 1158 4375 et
1171 4331 1233 4376 non
1248 4321 1315 4382 tam
1331 4316 1373 4377 de

117 4460 123 4468 .
214 4403 332 4480 jactura
343 4408 401 4470 bac
414 4416 483 4488 tua,
494 4429 586 4490 quam
599 4411 636 4473 de
653 4412 729 4473 illins
744 4412 849 4473 animae
861 4412 957 4473 salute
964 4411 1112 4491 cogitare,
1124 4431 1256 4494 eamque
1266 4416 1371 4479 divino

218 4501 327 4581 ludici,
342 4511 374 4566 ut
388 4508 534 4589 propitius
546 4528 580 4571 ac
595 4509 764 4572 misericors
777 4509 832 4591 ipsi
845 4509 897 4589 sit,
911 4509 1037 4572 assiduis
1048 4510 1189 4591 precibus
1204 4531 1370 4578 commen-
