3188 5414
479 509 659 565 urrsroan
679 509 724 564 m
742 496 874 564 aarum
895 509 1128 565 smucrmna.
1325 514 1390 564 arr..

185 613 191 637 ·“
229 629 352 674 onmem
360 609 544 676 industriam
556 623 650 677 tuom
667 616 698 677 in
717 617 908 692 eocolloces,
926 623 960 676 ut
978 634 1016 677 ne
1030 614 1185 695 quidpiam
1198 614 1305 687 aeduis
1319 614 1381 674 dee

227 711 320 771 aretis
342 728 377 772 ac
389 711 503 790 legibus
513 713 551 774 de
564 714 775 794 episcoporum
790 713 892 774 debita
901 712 1055 792 vigilantia
1065 710 1252 786 detrahatur,
1268 711 1382 791 quihus

229 825 330 868 rerum
345 805 383 867 ad
392 808 570 887 religionem
582 809 918 891 ¹spectantinmomnino
927 808 1030 870 romnis
1044 807 1189 869 attributa
1206 822 1382 886 esseopera

228 903 330 964 debet.
345 905 507 984 Propterea
521 904 575 966 tibi
589 906 784 966 vehementer
797 911 843 966 est
861 904 1057 984 satagendum
1075 909 1109 965 ut
1123 903 1176 984 qui
1188 903 1382 981 iuuentutem.

230 999 622 1081 instituunt‚episeoporum
629 1019 709 1077 curae
717 1008 807 1081 atque
815 999 986 1061 auctoritati
993 1001 1201 1078 subjiciantur,
1210 1000 1381 1080 prasertim.

229 1095 260 1156 in
273 1096 310 1158 iis
322 1097 425 1175 rebus,
437 1116 472 1158 ac
486 1097 660 1178 disciplinis,
671 1115 739 1178 quae
751 1115 824 1160 cum
833 1098 983 1177 religionis
994 1098 1110 1160 acfldei
1124 1097 1269 1160 institutis
1279 1099 1393 1178 magis·-

228 1213 320 1272 nexm
335 1200 366 1256 et
378 1194 523 1275 colligatae
540 1195 610 1265 sint.
626 1193 755 1257 Proinde
773 1194 873 1270 utrsui
889 1194 1157 1274 erga.religi0nem
1170 1193 1268 1256 officii
1288 1193 1382 1274 iden-·

229 1289 595 1374 tidemoommoneantur,
609 1295 684 1358 illud
695 1288 978 1371 etiamourandum,
988 1299 1137 1356 utomnes
1150 1292 1382 1373 disciplinarum.

228 1390 361 1470 magistri
374 1391 404 1460 in
417 1391 588 1453 inchoanda
600 1391 804 1469 institutione,
816 1397 848 1452 et
857 1390 981 1470 singulis
994 1389 1104 1452 deinde
1118 1390 1214 1467 annis,
1234 1396 1325 1471 prout
1345 1389 1381 1451 in·

228 1482 395 1556 aliisetiam
409 1488 506 1570 iyceis
516 1488 567 1568 fit,
582 1484 686 1550 coram
704 1487 852 1570 episeopis
863 1487 954 1548 fidem
974 1487 1154 1549 cadmiicam
1172 1487 1306 1568 profiteri
1319 1487 1382 1548 dc·-

227 1582 328 1648 beant.
339 1590 414 1649 Cum
420 1607 491 1650 vero
498 1589 606 1652 schola
617 1608 674 1670 pro
683 1589 894 1670 episcoporum
904 1586 1290 1649 seminariisexffidentini
1296 1605 1382 1649 eon-1

227 1687 287 1748 cilii
299 1688 414 1768 legibus
427 1690 616 1752 instituta-in
630 1691 841 1772 episcoporum
853 1678 927 1749 item
938 1693 1087 1770 potestate
1106 1684 1298 1766 sinapositaa
1315 1686 1382 1748 ¹¹⁰&

226 1783 322 1845 etiam
333 1784 493 1864 diligentie
503 1793 563 1849 tuae
572 1788 647 1861 erit·
655 1805 694 1849 ne
704 1786 778 1867 quid
794 1785 865 1847 huic
877 1785 1028 1848 constanti
1046 1785 1077 1845 in
1097 1779 1380 1864 Ecclesia.legi.de-I

227 1888 359 1959 rogetur.
375 1884 436 1944 Nos
446 1883 569 1963 quidem
591 1887 645 1945 rei·
657 1883 803 1963 gravitate
824 1881 937 1943 inducti
950 1879 994 1942 'ad
1007 1881 1239 1952 carissimumin
1253 1882 1381 1955 christo

227 1977 323 2039 filiunt
334 1984 471 2041 nostrum
485 1979 667 2042 Stanisiaum
680 1981 849 2059 Augustum
867 1978 997 2040 Poloniae
1010 1980 1121 2057 Regem
1135 1978 1290 2045 {dustrem-
1302 1979 1382 2039 dare·

227 2074 340 2137 litteras
354 2076 522 2155 voluimus,
536 2077 647 2158 quibus
660 2077 702 2139 illi
719 2079 798 2139 hanc
812 2076 962 2156 religionis
977 2093 1083 2138 curam
1096 2075 1127 2136 in
1146 2071 1325 2141 statuendis
1336 2076 1382 2137 de

227 2171 343 2234 ratione
357 2174 524 2237 studiorum
539 2175 666 2255 legibus,
677 2180 707 2236 et
718 2173 749 2235 in
764 2173 976 2255 episcoporum
991 2166 1280 2254 proptereatuenda
1298 2191 1380 2234 ane--

227 2271 349 2334 toritate
368 2273 559 2335 vehementer
579 2269 838 2336 commendamus.
859 2272 918 2333 Sed
936 2272 1089 2338 te-multa
1098 2289 1160 2351 qua
1176 2271 1271 2352 polles
1278 2293 1283 2322 ·.
1292 2271 1381 2352 apud·-

227 2389 328 2449 regem
347 2372 443 2450 gratia
467 2371 760 2434 commendationem
784 2376 919 2431 nostram
943 2368 1109 2449 plurimum
1127 2367 1319 2447 adjutorium,
1342 2377 1382 2429 et-

226 2486 347 2530 omnem
357 2488 393 2530 ea
402 2468 440 2531 de
451 2487 483 2531 re
497 2469 710 2549 cogitationem
717 2474 853 2530 nostram
861 2465 1017 2546 diligentia
1025 2473 1090 2544 tua,
1101 2471 1131 2526 et
1139 2484 1200 2545 qua
1205 2464 1372 2528 instructus

225 2583 275 2640 es,
290 2584 392 2626 rerum
410 2564 623 2644 intelligentia,
644 2563 683 2626 ad
705 2582 847 2644 eosquos
867 2569 1027 2643 optamus,
1043 2562 1141 2650 exitus
1154 2563 1382 2643 perductumm·

224 2661 413 2723 confidimus.
429 2664 517 2724 Hunc
538 2661 568 2722 in
582 2661 707 2723 modum
728 2660 891 2742 episcopali
903 2666 957 2722 tuo
968 2660 1087 2721 muneri
1104 2660 1230 2722 mirifice
1250 2659 1382 2722 satiata-2

223 2756 294 2826 cies,
304 2764 392 2817 recta
403 2756 569 2835 juventutis
588 2755 772 2820 institutioni
789 2755 944 2830 eonsules,
961 2761 992 2816 et
1012 2760 1171 2835 paternam
1189 2755 1380 2832 singularem·

223 2860 359 2915 nostram
374 2871 446 2932 erga
461 2860 491 2914 te
501 2852 659 2914 caritatem
671 2851 877 2931 amplificabis.
891 2845 926 2911 In
939 2851 1027 2928 eujus
1037 2849 1148 2929 egregii
1162 2856 1276 2928 ergata
1291 2867 1383 2929 pon-2

223 2951 307 3012 tidcii
321 2950 415 3011 nostri
429 2948 521 3010 animi
542 2953 753 3026 argumentum
766 2946 964 3027 apostolicam
977 2945 1216 3007 benedictionem
1229 2945 1296 3021 tibi,
1306 2946 1370 3006 Ve-

222 3049 363 3110 nerabilis
384 3050 500 3125 Frater,
514 3052 637 3126 tuoque
649 3038 798 3106 'uniuerso
822 3044 936 3125 populo
957 3049 1148 3124 peramanter
1168 3041 1382 3124 impertimur⁸¹

223 3150 336 3208 Dolum
354 3148 469 3218 noma,
491 3144 575 3224 apud
585 3145 727 3206 &actam
740 3143 872 3203 Mariam
888 3143 1044 3218 Majorem,
1054 3141 1108 3200 sud
1125 3141 1248 3202 Anneio
1259 3142 1379 3202 Pisce?

220 3250 307 3315 toris,
323 3246 371 3305 die
387 3256 421 3305 18
434 3232 705 3318 decembriarum
720 3243 1014 3320 poatficctusaoatri
1023 3245 1225 3319 conoquium.
1378 3275 1382 3281 -

257 3358 359 3415 Eodem
377 3358 505 3432 Exemplo
524 3359 657 3430 Episcopo
673 3357 805 3419 Piocensi.

479 3705 643 3762 caurssruo
665 3705 701 3746 m
724 3702 857 3749 cuursro.
879 3674 963 3745 erare
987 3701 1105 3744 nosrao
1191 3689 1202 3716 ⁸

290 3767 543 3852 eunomianae
564 3791 785 3863 urarusoun
805 3790 957 3851 smnus
977 3791 1026 3850 ur
1047 3791 1296 3879 umnusamu

652 3900 738 3947 REGI
760 3898 933 3948 lLLUSTRl

504 3985 763 4064 -CLEMENS
789 3989 917 4066 PAPA
945 3986 1051 4065 XlV.

629 4172 631 4176 ,
657 4172 660 4179 ,
936 4122 1032 4179 marae,
1042 4124 1072 4168 28
1087 4118 1220 4169 decembris
1233 4122 1301 4170 1713.
1320 4166 1322 4170 1

260 4211 439 4282 durissime,
453 4217 510 4272 ete.
527 4212 657 4271 Summae
669 4216 800 4290 paterna
811 4214 919 4271 nostre
932 4207 963 4269 in
975 4213 1006 4270 te
1022 4206 1156 4269 caritatis
1174 4224 1217 4269 aa
1228 4206 1381 4271 onmium

219 4305 387 4370 officiorum
398 4324 506 4386 genere
519 4307 706 4388 plenissimas
716 4308 783 4386 jam.
795 4313 860 4368 tum
877 4305 917 4366 ad
926 4304 1050 4384 Regiam
1062 4307 1163 4367 Tuam
1176 4303 1362 4382 Maiestatem
1375 4343 1378 4366 2

218 4402 332 4465 litteras
350 4403 551 4481 dedissemus,
570 4406 787 4487 cumprimum
803 4404 913 4485 protui
934 4403 1025 4479 animi
1040 4403 1245 4482 magnitudine
1255 4402 1378 4483 ,prieti-2

217 4518 288 4562 raam
302 4502 459 4564 Beneventi
472 4521 507 4565 ac
519 4504 621 4566 Pontis
634 4502 719 4565 Corvi
731 4502 949 4583 possessionem
960 4500 997 4584 ad
1010 4502 1071 4562 Nos
1083 4499 1222 4562 deferres.
1236 4500 1296 4581 Sed
1307 4501 1362 4562 has
