3188 5414
472 492 654 546 nmsrouu
671 491 716 544 ur
734 491 868 545 uuuvm
887 490 1122 544 smacrronu.
1205 470 1209 480 '
1315 496 1367 546 ruo

221 615 260 655 rae
284 594 401 676 pietatis
420 595 634 663 testimonium.
658 598 775 670 Quanto
794 595 875 656 enim
895 595 993 673 major
1012 601 1059 655 est
1073 594 1164 655 animi
1174 595 1267 654 nostri
1286 597 1325 656 ad
1338 604 1367 656 te

221 679 425 773 diligendum,
442 693 642 774 omnibusque
654 699 786 774 patemae
797 692 930 755 caritatis
943 691 1050 754 officiis
1064 693 1305 771 prosequendum
1319 695 1369 756 in-

221 789 340 865 ductio,
355 793 439 849 tanto
455 788 550 868 magis
569 808 625 869 per
637 797 690 850 tua
703 779 737 850 in
755 791 816 850 Nos
828 789 936 850 merita
948 782 1121 850 confirmari
1139 787 1266 851 eandem
1276 782 1369 870 ¹utque

221 886 322 967 augeri
335 884 510 966 gaudemus.
527 887 674 949 Plurimas
689 893 778 968 atque
790 887 855 965 tibi,
868 883 1061 948 dilectissime
1070 885 1101 946 in
1113 885 1230 947 Christo
1241 886 1283 946 fili
1295 904 1369 948 nos-

222 989 277 1060 ter,
297 981 409 1043 idcirco
428 982 539 1044 habere
555 983 666 1063 gratias
684 983 876 1067 profitemur,
898 1001 994 1063 eaque
1012 981 1166 1043 volumina
1186 983 1368 1063 spondemus

222 1080 303 1161 apud
315 1100 370 1142 nos
389 1080 454 1142 fore
476 1088 631 1161 tamquam
651 1082 794 1162 perennia
809 1072 877 1142 non
895 1080 992 1161 magis
1004 1080 1192 1141 Electoratus
1207 1079 1262 1157 tui,
1276 1099 1369 1160 quam
1401 1082 1403 1085 ’

221 1177 504 1239 munificentissima
524 1185 584 1239 tuae
597 1177 628 1238 in
648 1180 709 1239 Nos
723 1178 884 1241 voluntatis
897 1181 1104 1238 monumenta.
1125 1177 1194 1250 Qua
1215 1182 1267 1238 tua
1282 1195 1370 1257 pers-
1479 1250 1483 1259 ι

220 1277 392 1357 pectissima
405 1276 498 1338 Nobis
510 1276 647 1338 voluntas
660 1275 732 1337 lacit
744 1282 778 1336 ut
790 1273 844 1337 tibi
866 1266 1013 1354 majo‘rem
1027 1273 1058 1335 in
1075 1266 1202 1334 modum
1216 1292 1369 1335 commen-

176 1405 178 1408 ·
222 1377 328 1438 demus
347 1376 491 1437 dilectum
506 1374 602 1435 filium
617 1373 780 1436 Henricum
794 1375 895 1434 Braun
913 1360 999 1451 cujus
1011 1370 1049 1432 ad
1068 1371 1129 1431 Nos
1143 1369 1276 1432 delatum
1294 1366 1369 1450 supss

220 1472 332 1551 plicum
349 1491 473 1552 precum
488 1471 622 1532 libellum
642 1470 724 1532 hisce
737 1469 847 1530 nostris
858 1469 1081 1547 conjungimus.
1097 1470 1141 1526 Ex
1156 1485 1193 1528 eo
1207 1485 1368 1546 cognosces

219 1588 313 1648 quam
333 1569 409 1629 bene
429 1567 467 1628 de
488 1567 580 1631 Nobis
594 1567 718 1628 meritus
738 1565 787 1626 ille
803 1565 858 1642 sit,
879 1582 1031 1645 quamque
1053 1564 1121 1641 jure
1140 1562 1313 1642 cupiamus,
1335 1571 1369 1622 ut

220 1671 323 1726 nostra
337 1665 374 1725 de
388 1669 454 1744 ipso
473 1663 572 1724 studia
590 1663 662 1724 velis
682 1669 735 1723 tua
748 1661 780 1724 in
800 1661 885 1722 illum
901 1661 997 1741 gratia
1012 1678 1047 1720 ac
1057 1658 1254 1720 beneficentia
1267 1676 1370 1738 prosea

218 1760 281 1840 qui.
293 1760 378 1834 Quod
391 1759 480 1839 igitur
490 1760 530 1820 illi
542 1766 595 1821 tua
606 1759 790 1839 benignitate
800 1759 981 1839 prestiteris,
995 1758 1026 1821 id
1037 1760 1098 1820 Nos
1107 1759 1219 1820 lactum
1232 1777 1249 1818 a
1261 1759 1290 1817 te
1302 1776 1372 1819 esse

219 1866 322 1921 nostra
338 1879 428 1920 causa
441 1859 690 1920 existimabimus.
710 1859 754 1918 Ao
774 1857 804 1917 in
826 1856 983 1934 singularis
1002 1861 1112 1916 nostrae
1131 1855 1263 1916 caritatis
1277 1872 1369 1932 argu·
1453 1856 1455 1865 '

220 1961 356 2015 mentum
371 1954 565 2034 apostolicam
578 1952 818 2015 benedictionem
842 1951 915 2028 tibi,
932 1951 1121 2012 dilectissime
1141 1951 1172 2010 in
1194 1948 1309 2010 Christo
1326 1949 1367 2009 tili

220 2055 335 2127 noster,
350 2056 466 2130 tuaque
482 2051 625 2111 universa
642 2048 800 2110 Electorali
818 2047 926 2108 Domui
943 2047 1148 2109 amantissime
1168 2045 1365 2125 impertimur.

220 2148 332 2206 Datum
342 2148 453 2222 Rome,
461 2148 542 2226 opud
550 2147 693 2206 Sanctum
706 2147 836 2205 Martum
845 2146 1000 2221 naj0rem,
1011 2145 1063 2204 sub
1072 2144 1193 2204 Annulo
1205 2145 1369 2203 Piscatortr

220 2246 270 2304 (lte
286 2256 322 2309 23
338 2250 444 2308 euertit
462 2257 550 2323 1774,
560 2247 751 2325 pontificatus
766 2247 864 2303 nostri
877 2261 957 2303 auno
971 2247 1087 2321 quinto.

723 2469 856 2540 CCLXl.

448 2626 674 2671 uiusculssuto
695 2626 730 2668 ln
752 2624 888 2671 cunlsro
908 2625 996 2668 ulmo
1016 2625 1136 2666 NOSTBO

417 2805 419 2807 ,
553 2733 821 2792 namuurum
841 2733 1025 2806 susurro,

371 2857 532 2931 uxvnntAE
554 2857 658 2916 uuol,
682 2855 707 2902 S.
730 2857 759 2903 R.
783 2857 804 2903 1.
828 2855 996 2906 PRINCIPI
1018 2854 1212 2911 mucroni,

525 2959 760 3037 CLEMENS
786 2960 916 3038 PAPA
939 2958 1049 3035 XIV.

980 3103 1300 3172 Romn,24martii177t.
1352 3120 1354 3122 ·

259 3221 472 3294 Dilectissime,
488 3225 545 3278 etc.
572 3218 641 3290 Qua
662 3233 780 3294 semper
801 3212 893 3275 Nobis
912 3212 1033 3293 cognita
1052 3231 1087 3274 ao
1110 3217 1267 3292 perspecta
1290 3211 1362 3289 luit,

218 3314 435 3378 uunc'mirifice
448 3312 661 3398 comprobatur
672 3311 769 3392 pietas
778 3311 809 3372 in
821 3315 917 3373 Deum
929 3318 993 3390 tua,
1002 3310 1193 3393 dilectissime
1205 3310 1234 3371 in
1243 3310 1363 3397 ¹Christo

219 3414 260 3473 fili
274 3420 387 3492 noster,
402 3415 475 3475 dum
490 3413 601 3493 gratias
619 3410 682 3490 agis
695 3409 788 3470 Nobis
802 3410 842 3470 ob
855 3416 942 3472 tuam
957 3409 1149 3471 electoralem
1161 3409 1192 3470 S.
1211 3407 1363 3471 Michaelis

220 3510 396 3588 Archangeli
408 3511 567 3572 ecclesiam
580 3529 616 3570 eo
632 3507 886 3586 indulgentiarum
896 3508 1035 3593 thesauro
1049 3506 1228 3587 participem
1238 3505 1365 3580 factam,

219 3626 281 3686 quo
301 3607 364 3667 haec
378 3613 481 3667 nostra
503 3603 713 3668 Patriarclralis
730 3605 938 3666 lateranensis
952 3603 1080 3665 Basilica
1093 3610 1265 3664 exornatur.
1283 3601 1364 3668 Nihil

218 3703 299 3784 regia
313 3711 365 3765 tua
379 3703 409 3764 in
423 3703 574 3781 subjectos
585 3703 639 3763 tibi
657 3703 784 3784 populos
801 3701 927 3763 caritate
939 3700 1072 3782 dignius,
1085 3719 1178 3781 quam
1191 3719 1227 3762 ea
1241 3698 1313 3781 ipsis
1326 3718 1361 3761 ex

220 3800 359 3879 religione
380 3817 557 3879 comparare
572 3792 724 3878 presidia,
740 3797 848 3879 quibus
860 3797 993 3878 plurima
1011 3797 1180 3859 animarum
1194 3797 1306 3859 utilitas
1327 3815 1365 3859 ao·

218 3897 383 3977 expeditior
396 3904 513 3958 aeternae
524 3894 739 3975 consequenda
764 3892 869 3955 salutis
883 3893 959 3954 ratio
976 3893 1157 3972 continetur,
1179 3899 1364 3976 quapropter·
1475 3945 1479 3950 .

207 3994 403 4071 «gratulamur
417 3996 479 4055 Nos
493 3993 546 4054 tibi
560 4000 688 4072 tuasque
697 3990 871 4070 hujusmodi
886 3990 1019 4069 egregias
1030 3990 1224 4069 cogitationes
1235 3998 1265 4052 et
1274 4009 1363 4052 curas

131 4162 137 4175 ἱ
219 4091 344 4151 summis
354 4090 523 4151 extollimus
531 4088 681 4167 laudibus,
690 4087 1005 4167 DeumqueOptimum
1013 4087 1178 4150 Maximum
1189 4105 1359 4167 precamur,

217 4195 251 4247 ut
265 4187 333 4248 inde
347 4187 573 4250 cumulatissimi
587 4187 618 4249 in
635 4194 664 4248 tc
678 4187 777 4268 ipsum
797 4184 958 4266 praecipue,
977 4192 1120 4265 tuamque
1137 4202 1258 4247 omnem
1272 4184 1360 4245 Elec-

218 4285 344 4345 toralem
353 4287 482 4345 Domum
495 4282 620 4345 ooelestis
632 4282 735 4364 gratie
743 4283 859 4343 fructus
871 4282 1046 4345 exuberent.
1062 4281 1147 4343 Votis
1158 4282 1240 4343 hisce
1251 4275 1362 4344 nostris

216 4381 384 4442 divinorum
398 4380 613 4442 beneficiorum
634 4379 785 4462 auspicem
801 4379 991 4460 adjungimus
1006 4379 1201 4461 apostolicam
1215 4381 1359 4444 benedic-

218 4479 329 4545 tionem
339 4523 346 4556 ,
366 4495 457 4558 quam
472 4478 542 4557 tibi,
567 4477 755 4544 dilectissime
769 4479 799 4545 in
814 4479 929 4541 Christo
949 4480 989 4545 lili
1009 4487 1118 4557 nostor,
1142 4478 1246 4540 intimo
1262 4479 1359 4547 cordis
