3188 5414
605 520 828 574 nocumenta
848 521 970 575 vaula.
1308 521 1357 575 ³01

217 627 318 704 majus
330 624 457 704 denique
471 623 605 703 pietatis,
625 628 655 683 et
669 623 819 702 religionis
834 623 1050 684 incrementum
1062 641 1080 682 a
1091 625 1201 683 Sancto
1213 640 1267 683 suo
1280 623 1359 685 Gom

217 724 314 785 (litore
326 722 416 795 luisse
426 719 612 797 institutum,
623 726 713 800 atque
723 720 761 782 ad
771 720 992 802 optatissimum
1002 719 1092 781 tluem
1102 719 1218 781 laoilius
1227 718 1360 781 felicius-

219 837 277 899 que
293 816 553 896 consequendum,
566 816 743 893 arctissimo
758 817 940 896 Evangelicae
954 815 1138 899 paupertatis
1152 822 1222 878 voto
1243 823 1306 877 tam
1328 816 1358 880 in

218 915 387 993 communi,
401 933 494 995 quam
507 915 538 977 in
554 914 727 995 particulari
740 914 830 976 luisse
842 917 904 975 Deo
913 919 1137 990 cousecratum,
1150 912 1281 994 exceptis
1294 919 1359 973 tan·

218 1011 374 1076 tummodo
386 1011 570 1090 studiorum,
584 1029 636 1073 sou
645 1010 813 1074 litterarum
825 1009 977 1090 (tollagiis,
987 1009 1097 1090 quibus
1107 1009 1277 1093 possidendi
1289 1010 1357 1075 red·

218 1109 354 1183 ditusita
364 1108 445 1183 15015
456 1113 501 1172 est
512 1107 572 1189 uis,
585 1113 615 1169 et
628 1112 778 1188 potestas,
797 1113 831 1169 ut
845 1105 919 1167 nihil
932 1112 1033 1169 tamen
1052 1124 1090 1175 ex
1101 1104 1137 1167 iis
1150 1104 1313 1169 redditibus
1327 1106 1358 1168 in

219 1207 310 1286 ipatus
323 1205 480 1268 5001515115
499 1204 710 1281 commodum,
725 1203 900 1279 utilitatem,
923 1221 959 1266 ac
971 1219 1059 1272 usum
1073 1201 1206 1282 impendi
1225 1220 1361 1288 unquam

218 1302 326 1381 possit,
341 1307 429 1382 atque
444 1299 587 1362 converti.
1228 1337 1230 1344 r

261 1411 306 1460 15.
328 1398 397 1475 His,
417 1396 539 1478 aliisque
559 1397 753 1459 sanctissimis
765 1396 879 1475 legibus
898 1395 1025 1479 probata
1045 1395 1175 1475 primum
1188 1394 1360 1473 luiteadem

217 1495 350 1559 Societas
362 1497 435 1556 lesu
454 1512 548 1555 arec.
565 1494 717 1556 memoriae
737 1493 830 1554 Paulo
848 1496 930 1575 Papa
948 1496 997 1556 111.
1023 1494 1243 1559 Praedeoessore
1256 1501 1359 1561 nostro

217 1613 271 1674 per
290 1612 359 1661 suas
381 1594 438 1655 sub
457 1593 582 1673 plumbo
598 1605 627 1653 5.
643 1592 704 1653 kal.
726 1591 857 1653 octobris
873 1609 952 1653 anno
971 1590 1186 1655 lucarnatiouis
1200 1591 1360 1655 Dominicae

220 1701 312 1766 1540,
327 1689 481 1770 expeditas
492 1689 622 1765 litteras,
640 1689 677 1751 ab
691 1688 857 1770 eodemque
878 1705 1020 1749 concessa
1034 1687 1062 1748 ei
1075 1686 1132 1748 luit
1144 1686 1271 1750 facultas
1283 1706 1361 1757 cour

196 1828 198 1833 ·
217 1787 306 1847 dandi
320 1788 404 1864 jura,
425 1794 514 1866 atque
532 1792 664 1862 statuta,
679 1786 788 1865 quibus
802 1783 958 1846 Societatis
971 1784 1126 1863 prasidio,
1143 1783 1357 1860 incolumitati,

218 1890 307 1962 atque
318 1882 454 1962 regimini
467 1882 634 1944 firmissime
647 1882 858 1944 consuleretur.
872 1882 911 1940 Et
920 1880 1058 1960 quamvls
1072 1879 1152 1942 idem
1163 1881 1360 1942 1511155115-

217 1979 354 2043 decessor
367 1979 547 2042 Societatem
569 1979 666 2059 ipsam
681 1975 899 2058 angustissimis
915 1976 1067 2055 sexaginta
1084 1976 1242 2039 dumtaxat
1259 1978 1359 2039 alum-

217 2096 325 2139 norum
337 2076 481 2138 Ilmitibus
489 2077 528 2138 ab
540 2076 624 2141 initio
644 2076 938 2158 circumscripsisset,
961 2093 1016 2156 per
1029 2076 1101 2137 allas
1112 2083 1213 2139 tamen
1226 2095 1295 2138 suas
1308 2076 1360 2137 iu„

217 2174 288 2234 dem
299 2173 355 2235 sub
364 2172 488 2254 plumbo
497 2173 591 2253 pridie
601 2174 662 2235 kal.
681 2173 1358 2254 11151111511101115511151101115[10151111051543,

219 2273 372 2353 expeditas
385 2273 498 2334 litteras
511 2274 612 2335 locum
632 2273 714 2334 dedit
727 2272 834 2334 eadem
849 2273 879 2333 in
900 2274 1047 2336 Societate
1061 2274 1096 2336 iis
1111 2275 1359 2357 onmibus„quos

218 2369 248 2430 iu
262 2387 331 2430 eam
345 2368 482 2448 excipere
501 2369 580 2430 illius
593 2368 834 2431 moderatoribus
848 2369 945 2430 visum
958 2368 1062 2432 luisset
1073 2378 1294 2451 opportunum,
1308 2380 1360 2450 aut

218 2466 429 2528 necessarium.
446 2468 534 2527 Anno
556 2466 662 2528 deinde
679 2478 773 2544 1549,
798 2467 860 2529 suls
876 2467 907 2528 in
923 2467 1011 2530 simili
1029 2468 1128 2530 forma
1142 2469 1244 2532 Brevis
1257 2470 1305 2532 die
1325 2484 1358 2532 15

218 2561 387 2624 novembris
401 2562 545 2642 expeditis
558 2563 664 2623 litteris
675 2562 755 2625 idem
769 2564 880 2625 Paulus
890 2563 1089 2645 Pradecessor
1102 2565 1253 2644 pluribus,
1270 2573 1359 2646 atque

219 2659 407 2741 amplissimis
418 2660 577 2740 privilegiis
594 2660 733 2722 eamdem
747 2659 926 2722 Societatem
944 2660 1085 2737 donavit,
1102 2662 1239 2724 55111110
1257 2663 1360 2726 indul-

219 2762 284 2817 tum
302 2756 375 2818 alias
395 2756 602 2846 051511ωά511]
616 2755 785 2836 Praepositis
800 2755 988 2834 generalibus
1002 2755 1086 2816 dicta
1107 2757 1263 2840 Societatis
1283 2779 1360 2822 con·-

219 2870 336 2913 eessum
350 2851 525 2913 admittendi
539 2850 641 2930 viginti
656 2850 848 2929 Presbyteros
860 2850 1053 2928 coadjutores
1062 2851 1246 2932 spirituales,
1257 2855 1359 2934 eisque

219 2946 405 3025 impertiendi
427 2947 547 3007 easdem
572 2945 745 3021 facultates,
770 2945 914 3023 gratiam,
945 2951 976 3005 et
1003 2947 1228 3025 auctoritatem,
1252 2949 1360 3027 quibus

220 3042 298 3104 Socii
309 3042 363 3121 ipsi
380 3040 505 3122 professi
523 3041 684 3116 donantur,
700 3040 738 3102 ad
750 3040 824 3102 alios
841 3058 1051 3121 quoscunque,
1066 3060 1142 3122 quos
1158 3042 1284 3105 idoneos
1296 3044 1360 3106 1015

220 3139 309 3201 iidem
325 3139 476 3220 Praepositi
487 3138 640 3218 generales
654 3138 841 3215 censuerint,
859 3138 919 3201 ullo
931 3138 1045 3218 absque
1057 3138 1171 3218 limite,
1189 3148 1219 3202 et
1230 3159 1359 3220 ,numero

219 3235 440 3298 extendendum
454 3236 563 3319 voluit,
577 3241 666 3315 atque
675 3235 827 3298 mandavit
835 3260 844 3314 3
858 3255 893 3298 55
906 3243 1049 3317 praterea
1061 3237 1240 3302 Societatem
1251 3238 1358 3319 ipsam,

218 3342 248 3394 et
268 3335 423 3396 universos
436 3334 513 3395 illius
527 3334 645 3412 Socios,
659 3340 689 3394 et
702 3352 861 3414 personas,
880 3333 1060 3413 illorumque
1078 3334 1158 3396 bona
1173 3353 1358 3418 quacunque

219 3430 257 3490 ab
268 3430 349 3490 0111111
361 3430 567 3510 superioritate
576 3476 584 3509 ,
593 3429 814 3510 jurisdictione,
825 3429 1359 3517 001155110115(111011111101111011501411-Ι

219 3527 371 3589 uariorum
390 3527 514 3604 exaurit,
527 3535 556 3589 et
567 3527 725 3590 vindicarit
733 3572 742 3602 ,
757 3546 791 3587 50
805 3527 861 3588 sub
873 3546 941 3600 sua,
957 3532 987 3588 ct
999 3525 1175 3607 Apostoliere
1190 3528 1273 3590 Sedis
1287 3548 1359 3608 pro-

221 3624 346 3685 tectione
361 3625 502 3704 suscepit.

261 3733 307 3782 11.
327 3719 415 3782 Haud
428 3721 526 3781 minor
539 3720 594 3780 luit
609 3721 791 3800 reliquorum
803 3720 1056 3804 Praelecessorum
1068 3729 1239 3784 nostrorum
1254 3723 1359 3791 eadem

220 3836 290 3896 erga
316 3809 495 3897 Societatem
518 3816 696 3892 liberalitas,
712 3835 747 3876 ac
772 3816 986 3878 munificentia.
1009 3819 1130 3879 Constat
1150 3819 1231 3879 enim
1254 3838 1271 3879 5
1296 3838 1355 3880 155.

219 3915 370 3977 memoria
385 3914 464 3975 lulio
482 3914 533 3990 111,
556 3913 649 3974 Paulo
670 3915 721 3990 IV,
739 3913 791 3975 Pio
811 3915 851 3973 IV
865 3919 894 3975 et
908 3916 945 3998 V,
962 3917 1104 3997 Gregorio
1124 3919 1203 3994 XIII,
1219 3919 1301 3979 Sixto
1321 3922 1358 3996 V,
1451 3989 1454 4000 ,

220 4012 361 4090 Gregorio
373 4012 450 4087 XIV,
463 4011 614 4072 Clemente
625 4013 702 4089 Vlll,
717 4012 809 4073 Paulo
820 4014 858 4088 V,
880 4015 977 4074 Leone
990 4014 1041 4092 XI,
1065 4016 1206 4094 Gregorio
1221 4017 1285 4094 XV,
1300 4018 1360 4093 111-ι

220 4107 299 4170 bano
314 4109 392 4185 VIII,
414 4106 536 4189 aliisque
555 4107 698 4168 Romanis
719 4107 912 4170 Pontificibus
926 4109 1080 4191 privilegia
1099 4112 1197 4172 eidem
1218 4096 1358 4193 Societati

217 4206 280 4282 jam
288 4211 375 4264 autea
382 4204 509 4281 tributa,
521 4205 567 4264 vel
577 4204 755 4266 confirmata
766 4205 871 4282 luisse,
882 4207 927 4267 vol
939 4207 1023 4269 novis
1033 4214 1120 4270 ancta
1129 4208 1358 4287 accessionibus,

220 4301 267 4360 151
288 4300 472 4380 apertissime
496 4301 657 4361 declarata.
678 4303 720 4361 Ex
744 4301 807 4381 ipso
827 4305 929 4364 tamon
950 4304 1188 4383 Apostolicorum
1210 4304 1360 4379 (10115111ος

220 4397 334 4455 1101111111
347 4402 465 4473 tenore,
483 4403 512 4456 et
528 4397 625 4457 verbis
640 4397 740 4477 palam
754 4396 902 4477 colligitur
914 4399 1019 4460 eadem
1031 4400 1060 4460 in
1073 4400 1217 4460 Societate
1231 4420 1285 4461 suo
1297 4392 1359 4478 lere

221 4491 353 4553 5111111110
369 4493 449 4575 varia
460 4492 650 4556 dissidiorum
660 4541 669 4573 ,
680 4516 715 4557 ac
725 4496 947 4559 emulationum
960 4497 1071 4558 semina
1087 4498 1247 4578 pullulasse
1256 4545 1264 4577 ,
1279 4498 1359 4580 ipsos
