3188 5414
644 503 855 558 'CLEMENTiS
873 504 942 558 XIV

717 697 876 768 ·CCCXV.

541 862 745 906 seur-:uissruo
766 867 804 905 nc
827 865 1054 907 eornnnrssrnro

407 975 607 1036 GUSTAVO
636 977 805 1037 SUECIAE
833 980 941 1039 REGI
967 980 1179 1040 ILLUSTRI

610 1110 724 1188 PIUS
751 1113 879 1188 ΡΑΡΑ
907 1111 975 1188 VI.

913 1247 915 1252 ’
978 1279 1070 1332 uene,
1087 1281 1115 1323 22
1131 1273 1215 1322 marin
1230 1277 1292 1322 ner.

260 1381 368 1444 Tribus
382 1381 491 1443 abhinc
507 1382 591 1443 annis
608 1383 646 1443 ad
658 1382 781 1462 Regiam
796 1383 983 1460 Maiestatem
994 1384 1092 1442 Tuam
1104 1387 1226 1441 nostras
1240 1377 1376 1442 dedimus

221 1477 363 1554 Litteras,
376 1479 484 1559 quibus
495 1479 630 1540 maximo
641 1525 649 1556 ,
662 1497 724 1559 quo
734 1497 789 1559 per
799 1481 861 1540 Nos
874 1479 939 1541 iteri
950 1485 1087 1559 poterat,
1100 1475 1203 1539 studio
1217 1492 1376 1537 conmren-

220 1575 369 1637 dabamus
386 1575 458 1651 tibi,
468 1575 675 1656 potentissime
691 1577 764 1654 Rex,
782 1575 953 1638 catholicos
963 1592 1086 1653 omnes,
1098 1574 1191 1656 quiin
1203 1574 1265 1635 tuis
1281 1572 1375 1634 Ditio-

220 1671 310 1732 nibus
322 1679 559 1734 commorantur.
581 1672 614 1732 ld
631 1672 753 1752 quidem
775 1681 841 1735 tum
863 1673 988 1735 fecimus
1010 1676 1076 1755 ipsa
1097 1681 1157 1735 tue
1176 1672 1375 1735 humanitatis

220 1767 534 1848 ciementiequefama
544 1770 688 1830 commoti
696 1793 705 1846 3
721 1787 758 1830 ao
766 1769 851 1831 valde
863 1770 1058 1851 postmodum
1069 1770 1163 1850 gavisi
1171 1786 1294 1845 sumtis,
1308 1786 1374 1830 cum

220 1865 290 1927 inde
299 1873 422 1928 auctum
432 1866 587 1928 ineosesse
595 1866 819 1946 perciperemus
828 1868 995 1948 praestantis
1004 1868 1096 1929 animi
1104 1868 1148 1929 tui
1157 1867 1374 1948 patrocinium,

220 1961 335 2023 eximio
345 1962 397 2023 ilio
407 1961 513 2023 Edicto
524 1969 594 2038 tuo,
615 1960 697 2040 quod
717 1961 881 2023 Nobiscum
893 1970 981 2024 antee
994 1964 1224 2024 communicare
1247 1980 1304 2043 per
1314 1963 1375 2022 No-

220 2058 313 2122 bilem
326 2059 424 2121 virum
443 2057 613 2140 Principem
632 2059 671 2120 de
688 2061 879 2123 Hessenstein
897 2062 1028 2124 voluisti.
1046 2061 1091 2124 liti
1108 2068 1176 2122 tum
1197 2076 1261 2123 non
1280 2060 1375 2122 solum

221 2157 354 2238 exempti
376 2176 394 2218 a
408 2156 534 2236 pristina
554 2157 585 2217 in
605 2174 638 2217 se
657 2157 759 2238 legum
774 2159 932 2220 severitate
955 2160 1076 2221 fuerunt
1085 2205 1093 2237 ,
1107 2159 1161 2221 sed
1175 2158 1271 2220 etiam
1287 2158 1376 2220 libere

221 2256 277 2316 sub
295 2263 349 2318 tua
363 2256 459 2317 tutela
472 2256 623 2336 religionis
636 2275 695 2318 sua
714 2259 831 2318 cultum
847 2277 1000 2335 exercere,
1016 2258 1139 2338 aliisque
1151 2257 1210 2319 sibi
1226 2257 1376 2319 concessis

145 2371 150 2383 ·
220 2371 257 2412 ex
271 2358 324 2414 tua
337 2352 586 2434 magnanimitate
592 2353 752 2435 privilegiis
763 2373 868 2418 secure
878 2355 989 2436 perfrui
995 2362 1169 2436 potuerunt.
1184 2356 1375 2435 Quantopere

219 2457 321 2529 gratos
334 2450 447 2512 idcirco
459 2451 606 2530 Majestati
624 2454 696 2514 Tuae
713 2455 774 2514 Nos
792 2471 857 2514 esse
867 2452 1075 2533 profiteamur,
1094 2452 1179 2512 nnita
1196 2451 1309 2531 potiori
1326 2469 1376 2512 rs-

220 2548 302 2608 tione
319 2548 422 2610 testari
443 2567 523 2611 nunc
541 2568 715 2630 possumus,
736 2569 829 2631 quam
848 2551 947 2613 adbuc
963 2553 1110 2630 majorem
1124 2551 1158 2612 in
1171 2552 1269 2613 Nobis
1289 2552 1374 2613 exbi-
1418 2615 1419 2619 ,

220 2645 320 2707 bendo
330 2646 522 2727 benignitatis
532 2653 590 2708 tuae
601 2646 759 2726 fiduciam,
773 2667 808 2710 ac
822 2650 853 2710 in
865 2649 932 2728 ipsa
942 2667 1036 2729 quam
1044 2649 1194 2710 debemus
1206 2652 1372 2730 gratiarum

221 2743 338 2804 actione
355 2761 466 2805 novam
485 2743 540 2805 tibi
557 2744 782 2822 benefaciendi,
797 2747 918 2826 Nosque
933 2747 1031 2825 magis
1042 2745 1232 2808 devinciendi
1251 2765 1373 2809 eanum

220 2839 383 2902 atterendo.
395 2842 500 2921 itaque
510 2841 609 2921 Regiae
620 2842 684 2920 jam
696 2842 726 2902 in
737 2844 862 2905 Nostuae
871 2842 1045 2921 voluntatis,
1058 2859 1093 2905 ac
1104 2843 1136 2904 in
1147 2844 1278 2907 Nostros
1290 2845 1376 2908 bene·

176 3017 179 3023 .
220 2937 357 2999 ficientiae
368 2937 551 3018 experientia
562 2937 648 3015 freti,
670 2955 741 2999 cum
761 2939 792 3000 in
806 2941 943 3019 Regnum
959 2947 1045 3000 tuum
1058 2939 1122 3000 hec
1133 2934 1247 3000 Nostra
1259 2942 1376 3021 Propu-

218 3033 323 3113 ganda
331 3033 414 3096 Fidei
426 3034 632 3114 Congregatio,
645 3036 738 3097 Nobis
749 3027 997 3116 approbantibus,
1010 3035 1109 3096 mittat
1120 3035 1271 3098 dilectum
1281 3038 1376 3099 titium

219 3133 305 3192 Oster
319 3131 509 3191 sacerdotem
526 3131 662 3208 Gallum,
679 3133 731 3211 qui
752 3133 976 3195 catholicorum
986 3132 1124 3195 omnium
1138 3139 1169 3194 et
1183 3134 1372 3211 Stokotmie,

124 3237 145 3314 ᾗ
219 3227 290 3289 etin
304 3227 378 3291 locis
389 3228 483 3307 Regni
498 3228 609 3289 Sueciae
620 3230 699 3291 ultra
712 3248 795 3291 mare
805 3232 954 3292 Balticum
963 3230 1070 3311 positis
1080 3229 1255 3309 degentium
1268 3249 1374 3293 curam

219 3323 379 3407 suscipiat,
389 3344 499 3406 eosque
511 3327 542 3387 in
552 3327 704 3407 religionis
715 3329 889 3391 exercendae
902 3328 1069 3390 rationibus
1083 3327 1196 3407 dirigat
1211 3346 1250 3391 ac
1262 3329 1374 3392 mode-

218 3434 313 3504 retur,
335 3426 419 3487 itlum
439 3426 502 3487 sine
519 3425 629 3487 nostris
647 3426 729 3487 bisce
748 3426 853 3489 litteris
875 3426 914 3488 ad
932 3433 963 3487 te
981 3425 1122 3488 accedere
1141 3427 1314 3505 notuimus,
1338 3447 1376 3490 ex

218 3524 330 3604 quibus
342 3523 535 3604 intelligerem
547 3522 677 3584 martimo
689 3523 798 3585 Nostra
807 3524 962 3600 interesse,
976 3529 1010 3584 ut
1021 3522 1150 3584 eundem
1161 3530 1217 3585 tua
1230 3524 1375 3605 peculiari

217 3621 314 3699 gratia
331 3620 361 3680 in
379 3619 530 3699 iungendo
542 3620 708 3700 praesertim
720 3621 862 3702 imposito
875 3620 931 3682 sibi
944 3636 1071 3680 munere
1082 3621 1290 3700 prosequaris,
1303 3625 1376 3685 Nos

218 3736 278 3797 que
288 3716 380 3780 Nobis
392 3717 462 3798 ipsis
479 3716 592 3779 idcirco
608 3718 752 3779 collatum
768 3717 1007 3792 existimaturos,
1020 3714 1167 3796 quidquid
1179 3717 1209 3777 in
1226 3737 1301 3780 eum
1312 3720 1375 3782 cie-

218 3821 347 3892 menter,
361 3813 540 3891 honorifice,
563 3815 756 3896 benetieeque
772 3815 888 3876 feceris.
904 3816 983 3876 Dum
996 3813 1077 3873 bunc
1095 3811 1194 3875 eidem
1207 3815 1246 3876 ad
1260 3818 1376 3895 Maies-

218 3919 313 3974 tatem
335 3915 432 3974 Tuam
451 3911 566 3973 aditum
584 3931 637 3992 per
650 3919 789 3974 nostrum
807 3911 941 3973 officium
956 3911 1122 3992 aperimus,
1142 3911 1271 3974 minime
1289 3914 1374 3976 dubii

218 4031 334 4088 sumus,
345 4011 418 4092 quin
429 4009 510 4072 idem
523 4025 614 4091 porro
627 4029 752 4072 suorum
761 4009 949 4087 meritorum,
960 4010 1146 4091 proprieque
1155 4009 1278 4073 virtutis
1290 4030 1374 4074 com-

218 4102 409 4171 mendatione
422 4109 476 4171 tibi
497 4108 616 4171 futurus
638 4110 677 4171 sit
697 4116 903 4191 peracceptus.
925 4111 987 4172 Nos
1002 4117 1083 4171 certe
1102 4116 1156 4170 tua
1180 4109 1373 4172 burnauitate

215 4207 281 4282 jam
292 4206 445 4268 devinctos
457 4213 541 4267 tanto
558 4206 656 4268 adbuc
668 4208 763 4286 magis
777 4207 862 4268 novis
876 4206 1022 4285 ejusmodi
1037 4205 1190 4268 beneficiis
1203 4207 1373 4270 obstrinxe-

218 4304 274 4380 ris,
295 4310 328 4365 ut
344 4306 458 4366 nuliam
477 4324 610 4384 unquam
627 4307 883 4389 opportunitatem
896 4305 1124 4388 praetermissuri
1144 4306 1254 4382 simus,
1280 4306 1372 4384 hujus

216 4400 377 4479 gratissimi
393 4403 421 4463 in
434 4411 463 4463 te
476 4403 567 4463 animi
580 4404 674 4464 nostri
683 4403 865 4467 declarandi.
880 4405 1003 4466 Interim
1015 4413 1084 4467 vota
1096 4413 1198 4465 nostra
1219 4404 1258 4465 ad
1273 4407 1370 4466 Deum

217 4501 287 4579 Opt.
302 4499 381 4560 Max.
398 4501 550 4564 effundere
562 4520 621 4564 non
636 4502 857 4563 intermittimus
867 4548 875 4580 ,
887 4509 919 4563 ut
929 4503 1144 4580 coelestibuste,
1157 4502 1369 4564 Potentissime
