3188 5414
322 478 356 527 20
602 516 648 537 .,
753 468 955 535 otomanus
973 471 1038 526 ΧΠ
1152 502 1202 509 ·-

319 580 386 658 0pt.
401 576 566 643 niaximum
584 593 640 655 pro
660 574 817 648 fulciendis
844 576 958 637 viribus
978 575 1088 638 nostris
1107 575 1179 637 huie
1201 580 1287 641 tauto
1301 576 1472 642 ministerio

318 674 407 754 plane
424 672 591 752 imparibus
606 672 820 753 deprecemini.
840 673 904 734 Hae
916 673 997 734 enim
1012 672 1130 735 rationo
1147 672 1200 734 illa
1212 679 1313 735 vestra
1330 673 1368 734 de
1381 675 1472 735 nobis

261 771 263 775 ’
317 772 407 851 plena
415 769 540 851 pietatis
551 788 588 833 eo
602 770 799 833 humanitatis
811 771 925 849 judicia
940 789 975 833 ao
986 777 1074 849 vota,
1092 779 1126 834 ut
1140 778 1206 835 rata
1227 774 1305 850 sint,
1321 771 1470 849 maxime,

317 875 466 948 quantum
476 868 506 928 in
516 867 602 937 robis
617 869 694 945 erit,
709 868 902 948 prestabitis.
916 870 977 931 Nos
988 887 1060 943 vero
1080 870 1160 932 eoin
1174 868 1472 950 vosanimosonper

317 967 450 1043 orimus,
466 971 499 1027 nt
510 965 640 1028 defuturi
651 983 806 1046 uunquam
817 964 912 1028 simus
923 966 988 1040 ulli,
999 965 1025 1028 si
1038 985 1100 1048 qua
1112 966 1270 1045 insiderit,
1286 970 1472 1048 opportuni-

317 1065 389 1141 tati,
404 1082 466 1144 qua
477 1069 635 1145 paternam
646 1081 719 1142 erga
731 1081 785 1138 vos
800 1063 963 1144 plurimam
979 1064 1219 1127 benevolentiam
1232 1071 1373 1127 testatam
1382 1066 1471 1129 vobis

317 1180 353 1224 ac
374 1162 476 1242 reipsa
496 1159 865 1241 perspectamlaeiamus.
880 1164 912 1223 In
934 1162 1022 1240 eujus
1045 1180 1126 1225 nuno
1139 1162 1343 1225 certissimum
1360 1163 1470 1244 pignus
1572 1204 1574 1207 -

318 1259 515 1340 apostolicam
525 1256 871 1335 benedictionemvobis,
879 1257 979 1320 dilecti
986 1258 1051 1336 filii,
1061 1266 1253 1342 peramanter
1265 1259 1467 1340 impertimur.

316 1359 430 1431 Datum
444 1358 830 1434 Bomoe‚etr.‚.1ruuqustt
846 1365 934 1428 1769,
944 1361 1139 1436 pontificatur
1158 1363 1254 1423 nostri
1267 1370 1349 1420 uano
1358 1365 1468 1435 primo.

799 1495 984 1516 ι--ι-ιιι-ι-ιῃ

830 1610 952 1683 xxur.

758 1774 903 1820 nrnrcrrs
926 1776 1023 1821 muns

373 1858 529 1954 DECANO
549 1889 599 1953 ΕΤ
618 1889 837 1999 rncmrarl
858 1886 1014 1949 ARTIUM
1034 1886 1172 1951 STUDII
1178 1875 1405 2001 GENllellS

723 2024 832 2073 OPPIDI
848 2019 1060 2072 rotomensis

631 2137 858 2216 CLEMENS
886 2138 1010 2214 ΡΑΡΑ
1037 2135 1147 2212 XIV

1074 2312 1170 2371 Romu,
1188 2317 1216 2360 ru
1229 2309 1323 2372 augusti
1335 2312 1400 2361 1769

354 2421 484 2492 Diteote,
501 2368 792 2485 rtr.Gratulatron1s
800 2418 916 2498 officia,
928 2435 996 2499 quae
1013 2417 1054 2479 ob
1064 2416 1252 2500 pontificiam
1264 2389 1357 2479 Nobis
1376 2415 1464 2481 dela-

311 2523 376 2579 tam
389 2516 570 2596 dignitatem
583 2516 750 2593 luculenter
768 2515 952 2597 persolvitis,
974 2521 1059 2577 tauto
1080 2516 1168 2577 nobis
1182 2516 1314 2596 gratiora
1326 2514 1464 2591 fuerunt,

312 2620 427 2694 quanto
451 2616 637 2696 perspectior
658 2621 704 2677 est
723 2617 875 2686 vestram
895 2617 957 2679 Nos
981 2621 1070 2696 atque
1093 2616 1290 2696 apostolicam
1311 2596 1391 2676 hane
1413 2633 1464 2676 se-

311 2710 381 2772 dem
396 2712 470 2774 fides
492 2719 581 2793 atque
602 2714 803 2776 observantia.
828 2713 883 2789 Qui
898 2713 1022 2795 quidem
1040 2719 1104 2776 vest
1104 2732 1137 2777 er
1160 2713 1191 2774 in
1205 2715 1267 2775 Nos
1289 2712 1407 2774 animus
1425 2731 1464 2772 oo

284 2851 287 2854 -
311 2808 346 2872 fit
364 2811 459 2892 pluris
478 2831 496 2873 a
514 2812 622 2891 Nobis,
637 2831 699 2892 quo
712 2813 811 2891 major
830 2820 877 2874 est
894 2812 1034 2874 laborum
1049 2829 1085 2873 ao
1105 2811 1274 2873 studiorum
1294 2817 1464 2872 vestrorum

311 2909 393 2988 apud
415 2911 476 2971 Nos
497 2909 690 2973 existimatio.
717 2912 778 2973 Nos
803 2930 874 2974 sane
900 2930 1018 2994 semper
1041 2911 1164 2992 plurimi
1184 2910 1310 2971 fecimus
1331 2909 1462 2984 litteras,

311 3026 346 3089 ac
366 3010 524 3088 praeclaras
540 3016 635 3088 artes,
658 3011 696 3072 ad
716 3031 793 3092 quas
806 3001 865 3074 'vos
878 3011 975 3074 isthac
989 3011 1158 3074 edocendas
1172 3010 1268 3070 mulla
1281 3025 1352 3069 cum
1374 3007 1465 3068 laude

310 3104 499 3183 incumbitis,
515 3123 626 3187 easque
647 3109 778 3169 maxime
792 3110 929 3170 conferre
949 3127 1040 3188 posse
1061 3109 1100 3168 ad
1114 3125 1270 3169 sacrarum
1291 3124 1394 3167 rernm
1418 3107 1465 3167 vei

310 3199 446 3260 ornanda
458 3201 505 3260 vel
525 3201 735 3282 amplificanda
753 3200 852 3262 studia
863 3203 930 3279 jure
944 3220 1114 3262 censemus.
1137 3205 1181 3261 Ex
1200 3219 1262 3279 quo
1278 3201 1393 3277 judicio
1411 3223 1465 3265 vos

309 3295 396 3356 facile
412 3295 596 3377 perspicitis,
614 3303 709 3376 quem
726 3296 820 3357 ¹simus
830 3296 861 3357 in
878 3301 994 3357 vestras
1009 3302 1089 3358 artes
1100 3295 1244 3373 animati;
1261 3296 1370 3376 quibus
1383 3316 1465 3361 nnn-

309 3410 402 3473 quam
417 3414 434 3455 a
448 3394 541 3454 Nobis
552 3402 582 3455 et
596 3393 711 3459 meritae
722 3393 844 3470 laudes,
860 3399 892 3455 ot
904 3393 934 3473 εἰς
943 3412 1020 3474 opus
1032 3393 1087 3472 sit,
1099 3393 1238 3474 praesidia
1252 3400 1282 3455 et
1295 3397 1463 3474 patrocinia

309 3499 380 3553 sunt
398 3491 548 3552 defutura.
569 3493 685 3551 Interea
696 3509 767 3569 vos,
782 3491 834 3571 qui
849 3498 912 3552 tam
929 3478 1065 3553 amanter
1077 3490 1185 3572 pieque
1200 3497 1314 3553 vestras
1327 3492 1462 3574 obsequii

309 3594 411 3669 partes
424 3588 588 3650 Nobisoum
602 3587 773 3669 peregistis,
789 3588 859 3650 date
871 3607 1013 3670 operam,
1033 3596 1067 3651 ut
1080 3589 1203 3651 easdem
1217 3591 1309 3651 etiam
1322 3591 1463 3670 precibus

309 3686 348 3748 od
367 3688 463 3748 Deum
475 3689 549 3766 opt.
560 3687 640 3753 Max.
658 3704 717 3766 :pro
728 3687 895 3749 munienda
913 3693 1018 3755 nostra
1036 3688 1242 3755 imbecillitate
1262 3688 1337 3750 fusis
1358 3706 1463 3755 eumu-

301 3781 386 3847 ietis.
404 3786 547 3847 Nostrum
558 3805 650 3866 porro
659 3787 732 3864 erit,
747 3805 786 3848 ne
799 3786 961 3866 pontifioiae
973 3787 1191 3851 benevolentiae
1202 3787 1318 3848 fruetus
1327 3804 1468 3866 unquam·

309 3903 366 3963 pro
377 3883 603 3964 opportunitate
615 3885 727 3946 avobis
739 3884 989 3962 desiderarentur,
1006 3881 1036 3947 in
1048 3874 1251 3966 cujuspignus
1263 3884 1468 3964 apostolicam·

309 3979 550 4045 benedictionem
571 3981 673 4060 vobis,
700 3983 801 4045 dilooti
824 3981 889 4060 tilii,
910 3989 1101 4063 peramanter
1127 3981 1327 4063 impertimur.
1350 3983 1462 4045 Datum

311 4077 423 4150 Romo,
438 4084 509 4155 ete„-
525 4085 560 4141 16
575 4084 697 4158 aspasii
714 4082 1114 4156 truu,pontifiratusnostat
1129 4099 1207 4145 auno
1220 4084 1330 4159 primo.

796 4223 980 4239 m
1003 4226 1005 4233 t
