3188 5414
322 501 357 549 7⁰
750 492 954 549 cremanus
972 491 1038 545 xlv

321 615 414 662 <rausa
428 601 608 680 perlibenter
631 598 768 660 fecimus.
791 600 905 659 Verum
927 597 1000 658 dum
1013 591 1110 661 t'otam
1132 595 1210 659 nanc
1230 611 1295 657 rem
1315 593 1476 674 expende-

321 711 433 774 remus,
449 693 623 776 multaque
637 696 694 759 sub
710 702 763 757 tuo
778 694 900 760 nomine
917 694 1007 774 atque
1025 691 1204 758 auctoritate
1225 698 1314 776 gesta·
1333 691 1475 785 teruntur

322 792 420 854 induci
432 793 516 854 nullo
526 793 617 854 modo
626 791 781 873 potuimus
788 797 924 870 ,utute
933 788 1166 856 diiectissimein
1176 787 1344 854 Christolili
1355 795 1476 866 noster,
1567 841 1569 847 .

320 894 400 954 lacta
409 887 474 954 esse
489 893 715 954 arbitraremur.
727 892 824 954 Probe
835 891 916 953 enim
925 889 1070 970 pietatem
1086 894 1172 952 tuam
1184 886 1475 967 norimuseJusque

320 991 450 1071 piurima
466 990 614 1052 habemus
633 990 761 1066 indicia,
779 1007 817 1051 ex
836 994 943 1070 quote
966 986 1088 1066 diligere
1104 983 1268 1065 ecepimus,
1291 989 1404 1068 tuoque
1426 983 1476 1049 iu-

319 1088 416 1149 ricem
433 1103 536 1148 amore
549 1085 675 1167 perfrui.
688 1085 897 1151 Libentissime
914 1082 1063 1167 siquidem
1072 1099 1153 1144 nunc
1164 1079 1360 1146 recordamur
1377 1079 1473 1158 illius,
1492 1126 1494 1129 -

319 1203 386 1265 qua
397 1192 485 1246 antea
498 1200 559 1246 non
573 1185 665 1246 semel
680 1183 849 1247 intercessit
862 1189 1039 1247 mutuorum
1051 1180 1129 1242 inter
1135 1181 1197 1243 Nos
1207 1179 1378 1242 officiorum
1392 1197 1474 1242 con-

316 1281 709 1362 junctionis3namilleipse
718 1299 803 1344 amor
814 1277 1474 1354 manoster‚cumrdnancss.l>enicatha

319 1380 406 1441 dram
414 1378 508 1440 evecti
519 1378 549 1440 in
559 1376 715 1442 universos
725 1378 936 1442 Christilldeles
945 1384 1107 1458 paternum
1120 1375 1258 1440 animum
1269 1375 1472 1456 suscepimus,

319 1476 446 1536 rnirillce
465 1473 577 1552 cr'e'vit,
594 1493 630 1536 ac
649 1475 776 1556 pristina
796 1475 846 1540 illa
871 1474 909 1536 de
924 1474 1039 1536 uirtute
1059 1480 1113 1539 tua
1135 1473 1247 1536 eccela
1269 1473 1419 1552 maiorem
1439 1473 1475 1540 in

320 1572 446 1633 modum
468 1578 514 1632 est
532 1570 728 1651 amplificata.
741 1572 867 1638 Stemma
885 1569 1013 1650 proinde
1033 1566 1199 1649 cupiditate
1219 1567 1420 1644 incendimur,
1437 1576 1474 1631 ut

320 1669 421 1747 aliqua
436 1666 529 1729 Nobis
546 1685 611 1728 sese
631 1667 739 1729 oderat
758 1666 970 1748 opportunitas
988 1665 1029 1728 ad
1046 1666 1233 1728 voluntatem
1245 1665 1326 1727 hauc
1344 1683 1418 1746 erge
1432 1671 1476 1728 ⁴te

320 1769 455 1823 nostram
469 1761 671 1841 singularibus
680 1761 848 1842 quibusque
859 1759 1020 1842 pontificia
1028 1759 1165 1823 caritatis
1173 1759 1354 1826 testimoniis
1364 1779 1474 1826 revera

319 1857 597 1940 comprobandam,
610 1876 707 1939 neque
718 1858 846 1923 dubium
858 1877 922 1921 esse
936 1857 1029 1920 Nobis
1045 1863 1166 1938 potest,
1181 1857 1256 1939 quin
1269 1865 1310 1924 tu
1323 1861 1474 1940 peculiari

319 1973 429 2032 genere
451 1952 549 2015 lilialis
570 1953 765 2015 observantie
787 1960 878 2034 atque
900 1953 1010 2014 amoris
1033 1952 1129 2015 Nobis
1149 1952 1190 2014 sis
1201 1971 1413 2034 responsurus
1437 1955 1475 2017 ld

320 2049 420 2128 ipsum
437 2054 539 2108 tamen
554 2054 588 2114 ut
600 2066 780 2128 persuasum
798 2048 892 2114 Nebis
905 2047 1035 2114 maxime
1048 2065 1113 2110 esse
1130 2048 1243 2129 possit,
1260 2067 1280 2112 a
1296 2055 1328 2112 te
1348 2068 1477 2117 subruto

320 2164 410 2224 opere
418 2163 454 2206 ac
463 2144 911 2225 studiopetirnus,dilectissimc
922 2145 953 2206 in
962 2145 1079 2207 Christo
1089 2145 1131 2210 lili
1140 2147 1362 2228 noster,Teque
1370 2148 1471 2216 etiarn

321 2250 411 2322 atquc
424 2242 515 2304 etiam
531 2242 737 2320 obsecramus,
751 2250 785 2307 ut
800 2262 866 2325 quar
876 2251 963 2323 grata
977 2263 1012 2305 ac
1020 2243 1156 2321 jucunda
1169 2243 1207 2304 de
1222 2251 1252 2305 te
1263 2244 1357 2306 Nobis
1369 2244 1475 2307 afferri

320 2339 471 2419 cupimus,
488 2338 597 2406 eadem
611 2339 675 2420 ipse
689 2341 844 2403 cumulare
856 2341 990 2421 plurima
1005 2360 1076 2422 erga
1088 2342 1150 2402 Nos
1166 2344 1318 2404 voluntate
1332 2343 1417 2422 velis,
1435 2364 1477 2407 ec

321 2435 487 2513 majoribus
505 2453 624 2536 semper
644 2436 779 2503 animum
795 2436 878 2498 hune
895 2437 925 2498 in
939 2438 1000 2498 Nos
1015 2443 1103 2504 tuum
1123 2436 1243 2516 pietatis
1263 2441 1477 2502 monumentis

321 2532 510 2593 confirmare.
525 2534 563 2598 Et
573 2532 647 2614 quid
658 2533 781 2599 uberius
800 2533 831 2595 in
845 2532 904 2595 hoc
917 2551 1026 2614 genere
1047 2552 1084 2595 ae
1100 2534 1282 2602 luculentius
1298 2535 1397 2598 lacere
1411 2538 1477 2600 boe

323 2639 458 2710 tempore
472 2630 603 2710 poteris,
617 2650 710 2711 quam
725 2631 749 2693 si
761 2649 867 2698 onmes
885 2631 917 2692 in
933 2630 1145 2698 florentissima
1157 2637 1210 2694 tua
1224 2633 1354 2712 Ditione,
1369 2635 1422 2714 qui
1441 2636 1474 2697 in
1566 2647 1572 2658 ·

322 2733 435 2791 sortem
446 2725 565 2793 Domini
580 2726 679 2787 vocati
691 2733 772 2805 sunt,
784 2726 886 2789 lbvore
898 2723 934 2788 ao
946 2727 1117 2807 patrocinio
1133 2735 1187 2791 tuo
1206 2726 1318 2806 loreas,
1335 2748 1371 2791 ac
1392 2748 1475 2811 pne-

322 2824 424 2888 scrtim
435 2825 488 2910 qui
500 2823 671 2886 animarum
680 2844 785 2889 curam
794 2832 902 2909 geurnt
920 2826 1113 2892 venerabiies
1126 2828 1245 2889 Fratres
1257 2827 1424 2908 Episcopos
1434 2849 1475 2892 ea

320 2921 513 3003 prosequaris
525 2921 749 3002 benevolentia,
762 2942 798 2985 ea
809 2924 907 3007 gratia
918 2969 927 3001 ‚
940 2942 1006 3003 qua
1016 2923 1054 2984 ad
1065 2930 1096 2985 te
1111 2923 1261 3001 referunt,
1272 2923 1420 3005 excipias,
1437 2933 1474 2991 ut

319 3020 389 3096 jura
405 3037 471 3096 sua,
484 3038 604 3101 suaque
613 3021 753 3083 Ecclesia
764 3040 812 3084 res
825 3041 932 3087 omnes
946 3021 1000 3083 tibi
1013 3021 1327 3086 commendatissimas
1337 3038 1473 3084 esseae*

321 3122 499 3193 gnosccntas
513 3117 712 3183 commissum
721 3117 778 3178 sibi
790 3120 942 3199 pastorale
954 3135 1064 3185 munus
1076 3119 1381 3200 liberealacritcrquc
1394 3134 1472 3200 pos-

322 3211 431 3273 sintad
445 3211 551 3277 Cbristi
565 3215 665 3296 gregis
680 3215 808 3280 salutem
829 3234 866 3277 ac
885 3215 1046 3282 utilitatem
1067 3220 1225 3279 exerceret
1241 3217 1329 3287 Quod
1346 3217 1474 3297 quidem

322 3325 382 3368 non
399 3307 500 3371 minus
511 3308 551 3369 ad
563 3310 614 3371 tui
624 3310 756 3376 nominis
769 3311 890 3378 laudem
902 3331 937 3374 ac
948 3312 1087 3395 gloriam,
1099 3331 1193 3394 quam
1207 3312 1246 3375 ad
1259 3312 1377 3394 imperii
1392 3332 1472 3376 auc-

321 3403 491 3478 toritatem,
509 3413 540 3467 et
560 3406 599 3467 ad
615 3408 769 3487 publicam
786 3409 891 3493 pepuli
907 3409 961 3471 tibi
982 3411 1108 3488 subjecti
1127 3411 1375 3492 tranquillitatem
1391 3421 1472 3472 con-

321 3501 484 3564 ducturum
506 3521 571 3564 esse
596 3503 684 3567 facile
704 3506 873 3588 perspicere
893 3527 949 3589 pro
971 3514 1025 3570 tua
1049 3508 1197 3589 sapientia
1217 3514 1316 3589 potos.
1336 3506 1371 3568 ld
1399 3513 1474 3569 cte

321 3617 358 3663 aa
372 3598 463 3663 animi
485 3602 676 3665 contentione
692 3623 729 3666 ae
741 3605 941 3680 sollicitudine
960 3605 1149 3690 flagitamus,
1168 3625 1230 3687 qua
1249 3605 1384 3668 marirua
1396 3623 1475 3685 pos-

322 3715 443 3775 sumus,
458 3715 495 3760 ae
504 3698 670 3768 certissime
683 3702 778 3765 Nobis
789 3703 967 3785 pollicemur
984 3704 1067 3782 iore,
1082 3712 1117 3767 ut
1128 3705 1167 3766 ad
1180 3706 1241 3768 Nos
1255 3702 1364 3765 isthinc
1378 3708 1474 3782 opta-

321 3794 444 3859 tissimis
452 3795 575 3858 nunciis
584 3797 635 3864 illa
647 3799 848 3880 perferantur,
862 3800 1022 3885 exquibus
1037 3799 1147 3867 eximie
1160 3799 1253 3866 laturi
1265 3800 1344 3876 Nos,
1358 3798 1475 3861 acuo

320 3890 503 3975 bismetipsis
520 3892 640 3973 placere
652 3895 879 3975 quodammodo
893 3897 1044 3977 possimus
1053 3943 1063 3975 ,
1085 3896 1169 3983 quod
1189 3896 1373 3979 singularem
1391 3895 1423 3957 in
1440 3901 1475 3959 te

320 3990 511 4068 posuerimus
524 3998 684 4072 paternum
703 4013 838 4060 amorem
851 4001 1006 4071 nostrum,
1021 4013 1057 4056 ac
1068 3994 1227 4075 pristinem
1244 3993 1327 4060 illam
1338 3991 1473 4073 plurima

322 4086 359 4146 de
373 4095 427 4150 tua
442 4090 553 4170 pictate
568 4089 711 4156 fiduciam
724 4091 832 4154 exinde
846 4092 1019 4153 confirmari
1034 4093 1064 4153 in
1085 4092 1178 4159 Nobis
1192 4097 1284 4179 atquc
1302 4089 1404 4170 augeri
1422 4090 1473 4153 vta

321 4183 456 4252 neamus.
477 4190 605 4255 Demum
629 4189 826 4269 apostolicam
851 4189 1092 4252 benedictionem
1116 4189 1189 4261 tibi,
1221 4188 1414 4250 dilectissime
1440 4188 1474 4256 in

321 4281 438 4346 Christo
448 4285 490 4346 lili
498 4292 611 4363 noster,
625 4285 731 4347 intimo
738 4286 833 4349 nostri
843 4285 943 4349 cordis
951 4304 1041 4347 sensu
1053 4285 1258 4353 amantissimo
1267 4284 1473 4366 impertimur.

322 4381 434 4441 Dotem
452 4384 566 4460 Remea,
594 4390 664 4455 cto,
689 4384 737 4444 die
762 4396 797 4445 10
817 4389 921 4446 martii
945 4395 1037 4460 17-70,
1060 4387 1251 4461 pontificatus
1271 4387 1371 4444 ¹nostri
1389 4400 1476 4447 enne

317 4494 426 4560 patrino.
510 4558 512 4564 s
1215 4494 1217 4498 ·

806 4569 964 4581 ..u-—
