3188 5414
330 475 363 522 to
609 528 616 539 ,
762 467 966 523 CLEMENTIS
984 470 1052 523 XIV

329 592 398 634 nem
412 572 515 649 vobis,
534 572 636 634 dilecti
654 573 705 635 filii
721 574 837 635 nobiles
848 574 921 651 viri,
936 593 971 634 ac
982 575 1155 655 reipublicae
1171 581 1275 636 vestrae
1286 580 1476 654 peramanter

330 671 529 752 impertimur.
559 675 672 733 Dotem
693 673 804 749 Rome,
824 679 894 743 eta,
918 684 953 732 25
978 673 1147 734 novembris
1179 684 1265 745 1769,
1286 675 1476 750 pontificatus

328 773 421 830 nostri
437 786 518 829 onoc
531 771 643 847 primo.
994 778 998 784 ’

750 988 752 991 ’
822 978 976 1046 XXXIX.

585 1132 752 1176 canissmo
775 1133 809 1175 m
832 1133 1075 1189 cnnrsroarmo
1098 1133 1215 1177 uosrno

432 1243 585 1306 GAROLO
607 1246 839 1306 EMMANUELI
859 1247 1054 1307 SARDINIAE
1075 1248 1167 1307 REGI
1189 1247 1368 1309 ILLUSTRI

635 1366 869 1447 CLEMENS
897 1371 1025 1447 PAPA
1053 1370 1159 1447 XIV.

1036 1539 1133 1598 Rornae,
1145 1541 1175 1588 27
1188 1536 1327 1587 novembris
1341 1542 1409 1589 1769.

367 1622 539 1718 Carissimo,
550 1650 605 1705 etc.
616 1643 711 1705 Multo
722 1648 790 1704 ante
803 1641 911 1704 reverti
921 1641 1020 1705 isthuc
1030 1644 1213 1724 cogitantem
1224 1643 1367 1704 dilectum
1377 1642 1471 1703 tilium

325 1745 462 1802 nostrum
473 1738 613 1802 Carolum
623 1740 791 1803 victorium
800 1739 1472 1803 AmadeamS.R.E.CardinalemdeLanceis

325 1836 406 1918 apud
417 1839 478 1899 Nos
488 1837 635 1901 hactenus
647 1837 831 1900 detinuimus
837 1862 845 1917 3
857 1856 947 1918 quem
961 1839 1042 1900 enim
1053 1838 1137 1919 prius
1147 1838 1187 1900 ob
1205 1838 1370 1918 singulares
1381 1837 1470 1897 animi

322 1935 498 2018 generisque
508 1935 595 1998 dotes
605 1937 726 2018 plurImi
739 1936 935 2015 faciebamus,
946 1935 1079 2014 ejusdem
1093 1934 1248 2015 praesentis
1260 1935 1381 2011 virtute,
1396 1934 1472 1995 doc-

323 2033 414 2109 trina,
428 2033 584 2114 omnlsque
597 2035 713 2114 generis
725 2033 849 2096 laudum
866 2033 1039 2119 prestantia
1058 2033 1206 2112 majorem
1223 2032 1254 2092 in
1278 2031 1402 2091 modum
1421 2030 1472 2091 de

323 2129 425 2191 lectati
438 2148 554 2191 sumus.
566 2132 652 2191 Hanc
664 2131 741 2192 illins
753 2131 783 2191 iu
800 2131 874 2192 urhe
886 2148 1005 2192 moram
1019 2135 1123 2190 nostra
1137 2147 1228 2190 causa
1245 2133 1439 2208 prorogatam
1455 2148 1472 2189 a

323 2225 479 2304 Maiestate
493 2228 559 2287 ‘l'ua
572 2226 763 2306 comprobari
780 2225 904 2286 minime
918 2225 1103 2288 dubitamus.
1124 2224 1241 2285 Idcirco
1255 2225 1400 2304 plu-rimas
1417 2226 1472 2286 tibi

320 2322 435 2402 gratias
449 2340 504 2384 nos
515 2322 627 2384 habere
638 2323 826 2404 profitemur,
838 2340 937 2404 eoque
954 2323 1123 2400 uberiores,
1142 2341 1204 2402 quo
1222 2322 1471 2402 otperspectIora

242 2482 245 2487 ,
323 2419 411 2481 nobis
425 2418 544 2499 egregia
560 2419 639 2481 illius
654 2420 774 2498 merita,
789 2426 819 2482 et
833 2421 964 2499 majores
977 2419 1072 2481 nostri
1087 2420 1118 2480 in
1136 2436 1207 2481 eum
1228 2419 1339 2480 amoris
1360 2438 1472 2479 cumu-

323 2516 406 2578 landi
427 2516 559 2579 rationes
576 2516 749 2578 extiterunt.
766 2517 853 2592 Quod
868 2523 1006 2580 nostrum
1024 2535 1094 2597 erga
1117 2516 1216 2599 ipsum
1237 2516 1382 2577 eximium
1404 2522 1472 2577 stu-

323 2612 409 2675 dium
423 2619 458 2675 ut
470 2612 513 2674 illi
526 2614 621 2694 magis
638 2613 864 2691 confirmemus,
882 2618 942 2675 ate
957 2614 1149 2675 vehementer
1162 2614 1366 2693 postulamus,
1381 2613 1471 2673 caris-

323 2710 400 2774 sime
412 2711 444 2773 in
453 2710 569 2774 Christo
581 2713 623 2773 tili
636 2719 748 2792 noster,
763 2719 797 2775 ut
806 2732 876 2775 cum
888 2713 973 2775 illum
983 2713 1211 2791 humanissime,
1224 2720 1316 2795 prout
1330 2713 1418 2790 soles,
1433 2714 1471 2774 ad

319 2813 355 2871 'te
369 2807 547 2871 redeuntem
562 2811 714 2891 exceperis
722 2857 731 2890 ,
748 2811 788 2872 ad
800 2810 942 2872 usitatam
959 2810 1150 2873 clementiam
1163 2816 1248 2871 tuam
1261 2816 1365 2870 nostra
1379 2809 1470 2871 etiam

323 2922 416 2968 causa
435 2905 590 2989 quidpiam
611 2907 720 2989 addas,
741 2927 779 2971 ex
801 2926 862 2990 quo
883 2907 1046 2989 intelligere
1063 2908 1160 2989 possit
1176 2915 1313 2970 nostram
1336 2908 1414 2968 banc
1441 2909 1472 2970 in

322 3002 408 3065 illum
423 3005 610 3067 voluntatem
629 3006 684 3067 tibi
706 3006 799 3068 fuisse
813 3005 1075 3085 iucundissimam.
1095 3006 1130 3067 ld
1147 3006 1210 3088 ipse
1228 3005 1473 3069 honoriticentia-

323 3099 391 3168 simi
405 3101 538 3163 muneris
549 3102 628 3180 loco,
639 3110 669 3164 et
681 3121 698 3164 a
708 3103 864 3182 Maiestate
875 3105 951 3181 Tua,
965 3109 995 3165 et
1006 3122 1024 3165 a
1034 3104 1127 3165 Nobis
1136 3123 1192 3184 pro
1203 3109 1257 3166 tua
1269 3104 1299 3164 in
1309 3111 1471 3184 utrumque

320 3197 666 3262 observantiahabcbit.
688 3202 804 3261 Interea
821 3201 882 3261 Nos
902 3199 1038 3279 ejusdem
1061 3200 1206 3280 cquiores
1230 3200 1331 3262 animo
1349 3198 1473 3262 terimus

322 3293 505 3374 discessum,
521 3296 603 3377 quod
623 3302 654 3358 et
668 3303 753 3360 tuam
768 3295 822 3357 tibi
837 3297 973 3359 sedulam
991 3303 1169 3379 gratamque
1186 3297 1217 3358 in
1235 3297 1395 3378 preclaro,
1410 3315 1472 3376 quo

309 3422 312 3427 v
319 3392 437 3472 jamdiu
452 3393 532 3473 apud
544 3400 574 3455 tc
587 3394 731 3474 iungitur,¹
743 3394 845 3475 magni
859 3395 1086 3476 eleemosynarii
1102 3412 1227 3456 munere
1244 3410 1369 3474 operam
1383 3412 1472 3473 praes·

322 3497 388 3554 tare
402 3491 523 3573 poterit,
536 3496 566 3554 et
581 3493 611 3554 in
628 3493 685 3555 ista
697 3493 803 3574 insigni
813 3496 844 3556 S.
856 3494 978 3575 Benigni
993 3494 1115 3556 abbatia
1124 3512 1194 3575 erga
1203 3511 1296 3574 quam
1306 3491 1470 3572 plurimum

318 3592 459 3648 nostrum
472 3594 517 3649 est
529 3587 678 3667 studium,
693 3608 749 3670 pro
769 3594 823 3651 tua
840 3608 913 3651 cura
934 3609 970 3651 ac
988 3589 1143 3670 ulgilantia
1160 3609 1197 3651 ea
1218 3589 1382 3673 pracsertIm
1400 3607 1471 3669 pro-

322 3680 421 3763 vehet,
437 3702 472 3745 ac
486 3684 681 3766 amplificabit
694 3687 942 3773 commodaque
956 3688 995 3750 ad
1007 3688 1143 3750 divinum
1156 3689 1272 3751 cultum
1287 3685 1469 3766 augendum,

322 3776 561 3863 christianosque
572 3783 697 3847 virtutes
709 3785 813 3866 populi
825 3783 882 3846 sibi
894 3785 1046 3851 commissi
1065 3786 1172 3851 animis
1185 3785 1357 3847 inserendas
1368 3782 1471 3845 loven-

322 3879 435 3973 dasquc
448 3880 609 3962 pertinent.
631 3885 663 3945 lu
677 3903 738 3967 quo
753 3902 819 3964 quaa
837 3883 915 3945 illius
937 3883 1106 3945 sollicitudo
1119 3889 1209 3968 atque
1230 3880 1377 3943 industria
1392 3880 1470 3942 bac-

322 3981 409 4038 tenus
421 3974 528 4054 fuerit,
543 3978 594 4039 illa
608 3981 772 4062 presertIm
786 3979 919 4042 declarat
939 3979 1179 4063 trequenttsstma
1194 3977 1345 4044 seminarii
1362 3977 1471 4041 domus

319 4073 464 4151 praeclara
476 4073 582 4154 legum·
596 4070 631 4137 ac
645 4075 870 4157 disciplinarum
883 4074 1019 4137 omnium
1033 4077 1220 4140 institutione
1238 4076 1363 4153 florens,
1376 4084 1407 4136 et
1421 4075 1471 4155 ip-

322 4168 385 4232 sius
394 4160 586 4253 potissImum
597 4170 757 4236 informata
769 4192 840 4236 cum
851 4172 972 4253 pietatis
984 4175 1128 4256 exemplis
1140 4181 1206 4236 tum
1218 4173 1388 4235 imitatione
1400 4171 1470 4234 doc·

321 4266 416 4330 trina.
432 4271 491 4332 Sed
501 4272 565 4333 haec
578 4279 744 4352 caeteraque
764 4272 849 4334 abeo
867 4271 954 4333 isthic
965 4271 1004 4334 ad
1015 4273 1065 4334 Dei
1082 4273 1208 4352 gloriam
1219 4273 1363 4352 praeclare
1373 4273 1468 4350 gesta,

321 4367 512 4446 cumoptime
526 4369 579 4430 tibi
598 4375 754 4453 perspecta
767 4366 841 4450 sint',
859 4388 919 4455 non
940 4376 1004 4434 tam
1019 4371 1112 4451 ipsius
1128 4369 1290 4447 laudandi,
1310 4385 1403 4453 quam
1414 4365 1470 4426 tibi

319 4461 359 4526 'de
372 4461 449 4526 illius
462 4465 587 4529 abbatiae
603 4468 684 4530 hono
692 4459 870 4548 gratulandi
886 4478 978 4530 causa
988 4487 1272 4532 commemoramus.
1295 4465 1380 4542 Quod
1397 4464 1471 4526 reli-
