3188 5414
225 553 277 603 398
653 550 856 604 CLEMENTIS
874 551 940 604 XlV

224 661 324 713 tamen
337 670 397 713 uno
413 671 490 713 anno
505 652 622 731 longius
639 653 738 713 adata
747 655 938 732 presentium
950 659 1121 716 nostrarum
1137 656 1319 719 litterarum
1337 659 1382 720 in-

224 749 410 827 choandum,
422 751 582 826 Domibus‚
595 758 625 812 et
648 752 784 831 Collegiis
804 753 939 831 ejusdem
958 752 1114 813 societatis
1126 755 1215 815 omni
1236 762 1381 818 votorum
1416 766 1420 775 '

223 850 402 930 simplicium
417 850 538 912 vinculo
551 849 640 911 soluti
662 850 763 928 egredi
785 851 908 912 omnino
928 850 1074 927 debeant,
1095 869 1165 912 eam
1181 851 1310 914 vivendi
1330 874 1380 916 ra-

223 947 335 1008 tionem
344 945 623 1026 suscepturi,quam
632 946 818 1025 singulorum
827 947 989 1024 vocationi,
1000 946 1172 1024 uiribus,et
1183 941 1379 1012 conscientia

223 1042 317 1121 magis
331 1048 434 1122 aptam
448 1041 478 1103 in
497 1043 625 1104 Domino
636 1042 854 1121 judicaverint,
869 1061 941 1105 oum
955 1051 987 1106 et
999 1046 1084 1124 juxta
1104 1046 1270 1108 Societatis
1284 1049 1378 1128 privi-

222 1140 300 1219 legia
313 1138 422 1201 dimitti
438 1137 476 1199 ab
491 1158 528 1199 ea
541 1138 572 1198 hi
584 1145 723 1219 poterant
741 1158 802 1201 non
817 1139 875 1201 alia
888 1140 926 1201 de
939 1159 1033 1203 causa
1050 1148 1159 1222 preter
1177 1161 1269 1220 eam,
1285 1163 1376 1224 quam

104 1267 106 1272 ,
221 1235 393 1315 Superiores
406 1235 588 1315 prudentiae,
605 1242 636 1296 et
646 1236 878 1298 circumstantiis
896 1237 992 1317 magis
1005 1237 1195 1300 conformem
1212 1246 1374 1321 putarent,

221 1334 302 1396 nulla
317 1334 470 1414 premissa
487 1333 641 1412 citatione,
665 1336 758 1397 nullis
779 1335 923 1398 conlectis
943 1337 1033 1413 actis,
1056 1338 1201 1417 nulloque
1213 1339 1376 1416 judiciario

221 1435 324 1496 ordine
339 1440 467 1496 servate.

262 1544 311 1594 27.
329 1531 475 1592 Omnibus
494 1537 595 1592 autern
615 1531 709 1593 Sociis
723 1531 761 1593 ad
775 1548 876 1592 sacros
890 1531 1015 1593 Ordines
1028 1532 1176 1611 promotis
1189 1533 1314 1593 veniam
1331 1534 1345 1592 l
1361 1570 1372 1577 -

219 1628 331 1706 cimus,
348 1646 382 1689 ao
400 1633 598 1708 potestatem,
619 1626 741 1689 easdem
754 1631 882 1705 Domus,
899 1634 950 1689 aut
964 1628 1094 1708 Collegia
1108 1627 1273 1690 Societatis
1288 1630 1372 1691 dele-

219 1724 322 1802 rendi,
335 1725 478 1810 velutad
496 1726 627 1806 aliquem
640 1743 676 1785 er
696 1724 883 1805 regularibus
901 1724 1090 1786 Ordinibusa
1104 1725 1181 1785 Sede
1195 1726 1372 1805 Apostolica

220 1821 393 1902 approbatis
407 1839 438 1882 se
460 1823 633 1898 conferant,
650 1820 701 1882 ubi
719 1820 904 1901 probationis
918 1827 1037 1900 ternpus
1053 1839 1071 1882 a
1088 1821 1221 1882 Concilio
1242 1822 1372 1882 Triden-

218 1919 281 1980 tino
301 1919 509 2000 praescriptum
524 1918 676 1980 debebunt
696 1919 831 1999 explere,
848 1919 872 1979 si
885 1924 1026 1980 votorum
1048 1918 1232 1998 simplicium
1251 1920 1371 1999 proles-

219 2015 332 2077 sionem
349 2015 379 2076 in
392 2015 540 2077 Societate
553 2014 722 2093 emiserint,
735 2014 759 2075 si
772 2033 844 2076 vero
859 2013 1039 2074 solemnium
1052 2013 1144 2074 etiam
1155 2021 1303 2076 votorum
1319 2035 1371 2096 per

218 2121 397 2176 sextantum
408 2115 538 2194 integros
548 2132 665 2174 menses
678 2113 708 2172 in
722 2111 899 2193 probatione
912 2111 1050 2187 stabunt,
1062 2128 1151 2190 super
1165 2129 1228 2190 quo
1241 2112 1371 2192 benigne

218 2229 289 2272 cum
300 2211 343 2272 eis
354 2211 579 2291 dispensamus,
594 2210 730 2271 velutin
745 2209 853 2270 saeculo
864 2213 1006 2270 maneant
1016 2213 1174 2287 tamquam
1183 2209 1370 2289 Presbyteri,

219 2315 250 2368 et
263 2307 367 2369 Clerici
387 2309 549 2369 seculares
569 2308 624 2368 sub
643 2306 832 2383 omnimoda,
846 2322 882 2366 ac
896 2303 980 2366 totali
994 2302 1182 2381 obedientia,
1196 2310 1227 2364 et
1248 2305 1371 2382 subjec-

218 2403 298 2465 tione
307 2400 548 2480 Ordinariorum,
559 2404 589 2465 in
597 2421 727 2483 quorum
734 2401 852 2464 dioecesi
861 2399 1047 2462 domicilium
1055 2399 1148 2479 ligant
1154 2398 1369 2476 3decerncntes

219 2501 353 2581 insuper,
370 2507 403 2561 ut
422 2500 485 2574 bis,
499 2500 550 2580 qui
562 2500 621 2560 hac
641 2498 799 2559 rationein
820 2497 928 2559 seculo
945 2496 1112 2557 manebunt
1124 2512 1298 2575 congruum
1313 2495 1369 2557 ali-

218 2600 315 2681 quod,
334 2600 430 2661 donec
449 2599 561 2681 provisi
581 2596 701 2660 aliunde
722 2615 783 2658 non
798 2595 925 2672 luerint,
945 2594 1111 2673 assignetur
1129 2592 1320 2674 stipendium
1334 2612 1369 2655 ex

217 2694 381 2757 redditibus
393 2695 517 2772 domus,
540 2713 592 2756 seu
606 2693 743 2773 Collegii,
756 2692 807 2753 ubi
821 2692 1030 2754 morabantur,
1048 2688 1153 2750 habito
1176 2697 1283 2752 tamen
1303 2711 1368 2752 res-

218 2801 307 2876 pectu
321 2801 387 2856 tum
398 2792 587 2872 reddituum,
600 2799 666 2854 turn
677 2810 803 2853 onerum
815 2791 913 2852 eidem
926 2807 1123 2851 annexorum.

258 2904 309 2953 28.
327 2891 455 2953 Prolessi
465 2909 538 2953 vero
552 2891 582 2952 in
594 2889 686 2952 sacris
696 2888 855 2950 Ordinibus
871 2889 935 2966 jam
950 2885 1103 2948 constituti
1113 2931 1122 2963 ,
1131 2887 1186 2966 qui
1200 2886 1248 2947 vel
1262 2886 1369 2948 timore

217 2990 298 3052 ducti
308 3009 370 3052 non
379 2989 590 3052 satis-honesta
599 2986 823 3050 sustentationis
834 3003 871 3046 ex
882 2983 1017 3060 delectu,
1032 2983 1078 3043 vel
1089 2981 1192 3063 inopia
1205 3001 1366 3062 congruae,

216 3088 262 3149 rel
274 3087 345 3168 quia
354 3088 421 3149 locu
435 3092 538 3148 carent
547 3085 599 3146 ubi
611 3083 795 3145 domicilium
809 3081 864 3145 sibi
874 3085 1070 3160 comparent,
1081 3079 1129 3140 vel
1139 3080 1180 3140 ob
1189 3087 1367 3161 provectam

216 3192 345 3264 etatem,
357 3179 1216 3259 infirmamvaletudinem,aliamquejustam,gravemque
1228 3195 1367 3255 causam,

216 3284 324 3346 domus
346 3281 517 3358 Societatis,
543 3299 596 3342 seu
627 3278 756 3357 collegia
778 3277 983 3356 derelinquere
1011 3280 1216 3355 opportunum
1240 3273 1368 3336 minime

216 3379 464 3456 existimaverint,
485 3377 597 3439 ibidem
620 3394 742 3438 manere
757 3380 900 3455 poterunt
915 3392 952 3435 ea
972 3381 1074 3434 tamen
1098 3373 1183 3451 lege,
1199 3377 1234 3432 ut
1250 3372 1368 3435 nullam

216 3477 361 3562 praedicta
379 3476 506 3546 domus,
525 3492 578 3535 seu
594 3473 713 3554 Collegii
727 3471 1015 3534 administrationem
1026 3469 1168 3530 habeant.
1182 3469 1368 3532 (leucorum

217 3574 504 3637 Secularium‘veste
520 3570 731 3633 tantummodo
742 3575 876 3647 utantur,
889 3568 1049 3648 viventque
1059 3566 1217 3627 Ordinario
1229 3567 1368 3645 ejusdem

216 3670 274 3732 loci
297 3667 467 3750 plenissime
488 3667 626 3746 subjecti.
651 3666 850 3729 Prohibemus
875 3670 977 3726 autem
1000 3662 1125 3725 omnino
1148 3664 1314 3743 quominus
1337 3665 1368 3725 in

216 3785 323 3827 eorum
340 3764 393 3846 qui
410 3764 549 3827 deficiant
568 3765 685 3841 locum,
706 3762 780 3825 alios
794 3760 960 3838 sufficiant,
982 3763 1113 3822 Domum
1132 3759 1171 3822 de
1187 3778 1269 3823 novo
1278 3761 1369 3839 juxta

217 3865 339 3936 concilii
357 3863 561 3944 Lugdunensis
574 3862 695 3924 decreta
715 3879 769 3923 seu
794 3860 923 3940 aliquem
943 3859 1045 3919 locum
1065 3856 1236 3937 acquirant,
1257 3857 1369 3920 domos

217 3964 351 4046 insuper,
364 3981 415 4024 res
422 4007 431 4040 ,
443 3967 474 4023 et
484 3961 552 4022 loca
559 4006 568 4038 ,
580 3977 646 4041 quae
655 3976 736 4020 nunc
748 3957 879 4034 habent,
892 3955 1021 4017 alienare
1035 3955 1170 4032 valeant,
1185 3953 1326 4034 quinimo
1337 3955 1369 4016 in

218 4061 309 4121 unam
320 4064 439 4121 tantum
452 4058 596 4139 domum,
608 4073 661 4117 seu
672 4055 774 4136 plures
782 4099 790 4133 ,
803 4052 907 4115 habita
924 4051 1040 4115 ratione
1055 4050 1230 4128 Sociorum,
1244 4050 1298 4131 qui
1317 4069 1370 4112 re-

217 4156 399 4234 manebunt,
418 4161 561 4237 poterunt
580 4152 772 4233 congregari,
796 4152 840 4214 ita
861 4160 895 4213 ut
914 4151 1039 4230 domus,
1060 4169 1127 4232 quia
1148 4169 1252 4213 vacua
1272 4151 1370 4212 relin-

217 4261 358 4334 quentur,
373 4254 488 4337 possint
501 4253 532 4314 in
544 4252 610 4334 pios
622 4272 694 4314 usus
704 4252 837 4314 converti
843 4252 930 4330 juxta
943 4251 975 4312 id
987 4251 1069 4333 quod
1079 4250 1173 4313 sacris
1183 4249 1368 4328 cauouibus,

218 4353 362 4414 voluntati
376 4353 570 4414 fundatorum
577 4397 587 4430 ,
599 4349 690 4414 divini
700 4351 799 4413 cultus
813 4350 1015 4430 incremento,
1028 4351 1198 4413 animarum
1210 4350 1320 4429 saluti,
1333 4370 1369 4413 aa

218 4451 344 4534 publica
353 4451 473 4514 utilitati
482 4450 633 4514 videbitur
642 4449 704 4512 suis
713 4449 781 4511 loco
793 4495 801 4527 ,
815 4457 845 4511 et
855 4456 991 4532 tempore
1005 4455 1097 4528 recte,
1112 4449 1230 4529 riteque
1241 4466 1370 4511 accom-

218 4544 388 4609 modatum.
402 4547 525 4612 Interim
539 4567 610 4611 varo
624 4547 668 4610 uir
681 4547 788 4627 aliquis
800 4565 836 4608 ex
851 4547 937 4610 Claro
950 4547 1090 4610 Saeculmi
1101 4545 1281 4628 prudentia,
1295 4565 1369 4628 pro·
