3188 5414
492 495 671 551 EPlSTOLAE
690 497 735 563 ET
753 497 887 552 annum
906 497 1135 573 SEhECTlOer.
1334 503 1384 557 nm

235 600 576 680 peropportunnmlcre·
578 600 815 679 judicaverimus
829 600 880 681 qui
894 601 981 662 isthic
989 602 1160 665 Venerabili
1174 602 1276 686 itidem
1290 606 1383 667 Fratri

235 697 353 783 angoto
359 696 459 762 Muto
482 697 708 778 archiepiscopo
723 699 884 778 ancyrano
904 697 1093 776 succederet,
1108 717 1143 761 ac
1157 684 1306 761 ordinarii
1317 720 1386 784 nos-

235 794 273 854 tri
286 799 317 857 ct
327 793 512 873 apostolica
520 793 606 857 Sedis
616 794 717 857 nuncii
731 795 814 874 apud
825 795 1014 874 Majestatem
1027 799 1126 859 Tuam
1140 815 1250 859 munus
1264 807 1383 878 ageret,

232 891 290 953 etsi
301 901 400 971 egra,
418 891 518 953 divelli
530 899 633 960 tamen
656 893 783 955 chbis
799 892 944 972 patimur,
959 881 1049 975 atque
1060 893 1103 961 ad
1115 899 1145 956 te
1166 893 1208 957 ita
1225 882 1382 963 mittimus.

208 1015 213 1022 ’
231 988 387 1054 cartamine
399 989 430 1053 in
440 989 558 1055 Ghrnto
568 990 611 1051 fili
621 987 736 1068 noster,
746 997 780 1051 ut
793 989 917 1057 minime
926 988 1195 1072 dubitemus,quiu
1207 1011 1263 1073 pro
1274 982 1384 1057 eximia

230 1093 285 1149 tua
297 1088 444 1167 ergallcs
456 1087 568 1167 pietate
582 1094 672 1167 utque
686 1086 717 1147 iu
733 1086 812 1148 hanc
826 1087 968 1152 Sanctam
979 1086 1087 1152 Sedent
1102 1076 1261 1151 devotione
1271 1134 1281 1166 ,
1293 1108 1383 1157 eumq

230 1184 302 1246 uum
315 1184 400 1264 regia
412 1191 482 1260 tua,
498 1203 561 1266 qua
575 1184 653 1252 soles
661 1226 671 1262 ,
683 1182 870 1247 humanitate
883 1181 1123 1265 sinexcepturus.
1138 1183 1224 1267 Quod
1235 1203 1306 1250 cnm
1316 1168 1382 1267 nos·

230 1290 279 1344 tra
290 1301 386 1345 oanan
398 1289 432 1345 ut
447 1281 639 1346 vehementer
661 1300 683 1343 a
699 1287 730 1343 te
743 1279 894 1361 petimus,
909 1279 1147 1346 cumulatissime
1158 1279 1264 1344 leceris
1273 1328 1283 1359 ‚
1304 1302 1383 1363 gan—

229 1380 397 1442 ‹lebissnne
407 1379 477 1443 idin
489 1396 560 1443 eum
566 1378 775 1460 praestitissem
785 1376 895 1457 virum,
906 1375 937 1438 in
944 1395 1005 1456 quc
1015 1384 1123 1458 praeter
1130 1378 1382 1458 spectatissimum

229 1479 346 1557 generis
368 1478 574 1553 nobilitatem,
593 1491 630 1541 aa
644 1474 816 1538 excellentis
831 1473 941 1550 animi,
960 1473 1129 1560 ingeniique
1146 1474 1253 1542 laudes
1271 1477 1382 1543 eximia

141 1605 146 1613 ·
228 1575 322 1637 etiam
336 1575 468 1640 emineat
479 1575 524 1638 tui
538 1573 740 1651 observantia,
753 1571 897 1650 studium,
911 1571 1104 1653 existimatio,
1117 1573 1217 1635 Nostri
1228 1572 1266 1635 de
1280 1581 1310 1635 te
1322 1593 1381 1659 pa-

228 1681 323 1734 terna
337 1673 578 1737 luculentissima
593 1672 730 1735 caritatis
749 1690 854 1736 sensus
874 1672 1015 1753 preclare
1032 1671 1074 1732 illi
1093 1671 1204 1751 cogniti
1219 1691 1326 1743 onrnes
1344 1693 1381 1757 ac

228 1770 377 1850 perspecti
391 1776 479 1847 sunt,
495 1787 571 1849 quos
585 1787 657 1829 cum
673 1768 711 1830 ad
724 1776 753 1829 te
764 1767 893 1844 deferet,
906 1774 936 1828 et
949 1786 1020 1828 cnm
1032 1768 1087 1829 tibi
1098 1787 1218 1835 summa
1229 1771 1291 1833 Nos
1310 1789 1380 1837 ont,-

227 1867 281 1928 uia
293 1884 419 1946 cupere,
435 1885 453 1929 a
475 1868 596 1946 Deoque
609 1865 727 1946 precari
746 1863 945 1943 significabit,
956 1866 1106 1952 precipue
1124 1886 1195 1928 vero
1215 1874 1249 1928 ut
1262 1887 1299 1931 ex
1320 1871 1380 1937 Ga-

124 1955 126 1964 *
226 1963 345 2024 tholieae
359 1963 511 2043 religionis
529 1962 622 2023 tutela
642 1962 784 2042 gloriam,
809 1983 845 2025 ac
856 1981 894 2024 ex
911 1970 1022 2044 pacato
1039 1979 1141 2042 regma
1149 1963 1325 2038 felicitatem
1344 1988 1378 2034 ac
1480 2031 1483 2038 ,

226 2063 322 2123 decus
338 2060 549 2141 consequaris,
568 2057 698 2139 eumuna
709 2066 827 2122 ceteras
838 2077 943 2121 omnes
956 2079 975 2121 a
994 2060 1089 2123 Nobis
1102 2063 1280 2124 commissas
1291 2063 1379 2126 dein-

201 2239 204 2244 ·
225 2179 297 2240 ceps
311 2158 407 2220 obibit
423 2158 680 2239 pertractabitque
694 2155 774 2237 apud
787 2164 816 2218 te
829 2157 958 2237 apostoli
976 2156 1084 2218 Nuneii
1102 2165 1205 2238 partes
1214 2160 1295 2240 ,ipsi
1314 2167 1378 2222 tam
1409 2152 1412 2157 ’

225 2258 411 2320 cumulatam
421 2253 563 2330 habebis,
573 2272 667 2338 quarn
676 2254 700 2315 si
710 2255 772 2315 N'cs
779 2264 885 2315 coram
894 2255 1097 2335 loqueremur,
1111 2254 1213 2316 fidem.
1227 2257 1377 2331 Qnaedum

224 2355 327 2416 omnia
338 2361 477 2435 peraget,
492 2352 580 2414 facile
595 2352 649 2412 tibi
667 2352 763 2432 magis
775 2351 974 2433 magisquein
985 2351 1049 2412 dies
1064 2351 1270 2430 confirmabit,
1284 2372 1377 2434 quam
1406 2375 1412 2386 ‘

223 2452 307 2514 cordi
328 2452 421 2514 Nobis
439 2451 495 2528 sit,
506 2461 541 2513 ut
554 2449 736 2526 incolumes,
754 2467 790 2511 ac
801 2455 836 2511 ut
854 2455 923 2511 ante
936 2449 1075 2529 florentes
1088 2454 1119 2510 et
1132 2449 1291 2511 Catholicae
1304 2453 1377 2512 reli-

223 2550 321 2629 gionis
335 2556 365 2611 et
383 2549 549 2629 Maiestatis
566 2541 637 2613 Tuae
650 2564 727 2624 una,
742 2553 772 2608 et
791 2546 878 2609 istius
897 2547 1005 2609 inclita
1019 2546 1150 2608 nationis
1173 2549 1357 2635 restandcm
1366 2598 1376 2628 ,

222 2650 285 2708 Dec
296 2647 421 2724 juvante
431 2643 441 2724 ,
450 2645 725 2721 consistant.'Quod
740 2651 793 2707 tua
804 2664 915 2727 opera,
927 2651 981 2709 tua
993 2644 1188 2724 auctoritate,
1201 2654 1254 2708 tua
1266 2648 1377 2710 virtuto

223 2743 328 2822 perfici
339 2743 469 2804 maxime
488 2751 647 2823 optamus,
663 2758 699 2804 ac
712 2741 743 2804 in
754 2741 878 2805 caleatis
889 2742 994 2823 galia
1003 2742 1189 2823 auspicium,
1205 2752 1376 2826 nostraeque

185 2883 188 2888 .
223 2838 1029 2925 caritatispignunapostolicambenedicticnemltegiae
1037 2841 1375 2917 MajestatiTnaeamau-

223 2938 338 3001 tis‘sima
348 2937 547 3018 impertimur.
564 2940 676 2999 Datum
690 2938 808 3010 nonu,
826 2945 897 3015 ete,
915 2941 963 3001 elie
979 2950 1014 2999 15
1033 2939 1139 3016 aprilis
1161 2949 1252 3019 1772,
1270 2945 1374 3020 pontt-

222 3040 329 3106 rieatns
349 3040 447 3104 nostri
465 3054 547 3098 nnnc
559 3039 657 3101 tertio.

701 3159 886 3174 ηψ-ι--

647 3283 649 3288 ’
728 3277 864 3354 CXCVI.

631 3437 822 3491 ¹urrinnantmnr
847 3434 960 3476 narrar

391 3558 393 3563 ·
420 3539 605 3603 connium
624 3541 928 3604 ARGlllEPlSCOPO
949 3539 1163 3600 GNESNENSI

530 3664 763 3767 crunnus
790 3665 920 3741 rara
948 3662 1055 3740 mv.

985 3813 1080 3868 Itomae,
1097 3794 1220 3872 ln'aprilis
1238 3813 1304 3861 1772.

263 3919 462 3987 Venerabilis,
475 3925 533 3979 etc.
546 3919 642 3992 Quem
662 3916 809 3979 mittimus
821 3913 921 3979 isthuc
933 3913 1142 3975 venerabilem
1155 3915 1292 3974 Fratrem
1312 3913 1368 3974 lc-

218 4015 347 4094 seplmm
359 4014 619 4096 archiepiscopum
630 4013 744 4097 Beryti,
759 4020 793 4074 ut
804 4011 885 4094 apud
896 4009 1086 4089 carissimum
1101 4009 1133 4072 in
1143 4010 1259 4072 Christo
1269 4008 1365 4074 tilium

218 4117 355 4173 numum
367 4114 538 4193 Augustum
549 4109 731 4177 aloniacum
745 4109 875 4178 Poloniae
887 4112 1000 4190 Regem
1013 4109 1177 4184 illustrem,
1193 4113 1224 4193 et
1234 4105 1367 4169 inclitam

217 4214 348 4269 vestrum
371 4205 717 4288 Rumpubticuuuosni
739 4213 769 4269 et
790 4204 968 4287 Apostolicoe
985 4204 1069 4266 Sedis
1092 4199 1238 4293 Ordiuarii
1260 4199 1367 4263 Nuneii

216 4312 435 4386 munusgennt,
450 4305 549 4372 eidem
564 4325 582 4367 a
598 4309 626 4367 te
640 4303 781 4384 petimus,
798 4311 835 4374 ut¹
845 4303 1032 4367 cumulatam
1043 4300 1074 4363 in
1092 4297 1232 4361 omnihus
1245 4304 1365 4392 praestus

217 4401 318 4478 tidem,
332 4401 545 4482 quodquidam
560 4401 740 4483 perlibenter
752 4400 855 4477 facies,
871 4419 909 4462 ea
919 4399 1000 4461 enim
1013 4397 1071 4480 ipsi
1085 4395 1228 4458 mandata
1240 4390 1301 4479 Nos
1313 4394 1365 4458 de-

215 4497 327 4575 dimus,
338 4504 405 4577 qim
418 4497 456 4560 ad
467 4499 518 4560 ll'ci
529 4497 753 4578 procurandam
765 4495 893 4575 gloriam
909 4514 1034 4577 remque
1047 4491 1204 4561 Gatlrclieae
1216 4488 1364 4575 religionis
