3188 5414
351 496 409 567 n'o'
780 511 1066 565 cuuuruurrsxrv

349 617 401 678 sed
428 596 534 677 intimo
559 634 594 675 ac
613 614 787 676 brutissima
801 615 934 694 quodam
957 614 1071 693 judicio
1092 615 1301 707 movebamur,
1315 619 1507 696 gravissimis

346 713 461 790 causiS,
477 729 656 792 summaque
671 712 950 792 rationesuscepto.
963 711 1130 773 Maximum
1144 713 1394 778 nocentissimum
1409 718 1506 781 habe·

343 818 454 877 bamus
464 811 580 875 llduoiae
594 812 694 873 omnis
708 819 817 872 nostrae
834 811 965 883 initium,
980 829 1016 871 ao
1035 809 1278 887 laudamentum,
1290 811 1392 893 ipsunt
1406 815 1509 877 Caris·

345 911 412 972 simi
433 909 464 971 iu
485 909 602 972 Christo
619 909 684 970 Filii
705 909 804 971 Nostri
821 907 1003 988 jampridem
1020 907 1113 968 Nobis
1135 915 1180 968 tot
1198 908 1361 972 verissimis
1383 911 1512 977 iudiciis

345 1014 531 1076 declaratum
545 1013 692 1090 animum,
706 1011 785 1072 illius
799 1009 990 1089 religionem,
1007 1007 1163 1088 pietatem,
1177 1006 1269 1071 tidem
1281 1026 1352 1070 eum
1362 1009 1506 1092 singula-

343 1110 426 1173 ribus
439 1111 511 1190 suis,
525 1107 708 1192 suorumque
716 1109 884 1188 Majorum,
898 1106 1049 1186 totiusque
1061 1105 1159 1185 Regiae
1171 1108 1284 1168 Domus
1293 1105 1325 1168 iu
1335 1107 1417 1171 banc
1426 1128 1507 1173 suu·

342 1219 424 1276 ctam
436 1213 544 1276 Sedem
559 1208 664 1276 studiis
674 1212 879 1289 conjunctam.

383 1310 441 1373 Sed
464 1328 638 1393 quanquam
659 1309 689 1369 in
711 1309 775 1368 hac
795 1306 947 1367 intuentes
966 1303 1097 1383 optimos
1111 1302 1361 1365 rerumomnium
1375 1314 1507 1371 eventus
1537 1342 1540 1346 ⁴

326 1411 404 1487 'jam
424 1417 489 1472 tum
511 1408 693 1488 cogitatione
707 1404 952 1486 pmciperemus,
967 1407 1069 1462 tamen
1084 1399 1174 1461 allato
1196 1417 1293 1480 nuper
1316 1402 1507 1469 ebusitauia

343 1507 528 1569 naustissimo
541 1502 654 1566 nuncio
667 1509 732 1564 tam
744 1500 891 1562 inusitata
903 1515 939 1560 ac
952 1504 1016 1558 tam
1039 1494 1205 1556 incredibili
1216 1496 1409 1573 jucunditate
1425 1518 1504 1580 per-

341 1606 400 1668 tusi
415 1622 536 1679 sumus,
551 1608 585 1663 ut
601 1601 625 1662 si
639 1618 732 1677 nova,
748 1617 784 1660 ac
802 1598 991 1676 inexpectata
1007 1593 1067 1654 ista
1074 1593 1168 1654 Nobis
1183 1592 1380 1670 accidissent,
1397 1597 1503 1674 majo-

345 1718 409 1762 rem
424 1718 531 1780 capere
545 1698 651 1760 letitiae
666 1697 798 1757 fructum
809 1711 870 1755 non
888 1691 1110 1773 potuissemus,
1126 1689 1179 1750 illo
1193 1689 1437 1770 auspicatissimo
1450 1693 1505 1754 die

344 1799 462 1858 nullum
476 1813 611 1876 unquam
631 1794 724 1856 Nobis
742 1810 839 1872 neque
848 1787 1063 1870 jucundiorem
1081 1788 1232 1866 illuxisse,
1244 1806 1343 1868 neque
1356 1790 1506 1854 lolioeem

342 1895 436 1955 diem.
461 1895 529 1954 Uno
549 1891 716 1971 eodemque
736 1897 872 1972 tempore
897 1886 1135 1948 observabantur
1158 1886 1260 1948 auimo
1280 1887 1345 1949 bac
1364 1890 1472 1951 omnia
1494 1915 1503 1952 ε

342 1988 450 2067 optimi
463 1987 556 2069 Regis
575 1987 685 2049 eximia
709 2004 747 2048 ac
759 1984 917 2066 singularia
932 1984 1044 2062 virtus,
1070 1983 1131 2045 hoc
1145 1984 1392 2077 prestantissima
1408 2004 1505 2067 opere

345 2089 352 2148 i
383 2106 487 2149 mensa
501 2086 539 2148 ad
552 2085 754 2146 immortalem
766 2085 832 2163 ejus
842 2082 972 2144 nominis
985 2081 1113 2161 gloriam
1127 2079 1208 2143 facta
1220 2082 1373 2160 accessio,
1390 2086 1504 2147 Eccle-
1552 2086 1555 2091 ’

340 2185 390 2246 sia
404 2184 527 2260 utilitas,
545 2181 724 2262 Apostolicae
735 2180 819 2242 Sedis
829 2178 977 2260 dignitas,
989 2177 1127 2240 omnium
1141 2177 1292 2239 bonorum
1302 2179 1446 2260 plausus,
1466 2201 1504 2245 ac

342 2286 372 2344 in
385 2285 448 2343 Vos
465 2281 659 2362 potissimum
677 2298 798 2341 summu
808 2278 878 2340 inde
896 2277 1102 2339 redundatura
1116 2276 1229 2339 laetitia.
1242 2279 1312 2352 Quae
1326 2279 1445 2360 singula
1458 2282 1504 2346 iu·

340 2376 665 2459 gentemjucunditatis
679 2393 803 2436 causam
820 2375 1003 2452 atterebant,
1016 2375 1155 2437 universa
1165 2375 1276 2437 summi
1286 2376 1389 2455 gaudii
1401 2383 1501 2442 nostri

341 2470 579 2552 magnitudinem
592 2471 704 2531 mirum
722 2471 752 2531 in
762 2470 889 2531 modum
900 2470 1108 2531 cumulabant.
1169 2507 1179 2518 -
1574 2534 1577 2539 ,

382 2568 473 2646 Cujus
491 2567 580 2646 igitur
600 2565 764 2647 sapientia,
780 2567 940 2648 religione,
959 2574 1048 2648 atque
1070 2585 1141 2647 erga
1159 2569 1219 2628 Nos
1234 2568 1348 2648 pietate
1370 2569 1435 2632 buc
1452 2582 1503 2635 est

341 2665 511 2728 animomm
522 2665 553 2727 in
563 2665 625 2727 Nos
639 2665 775 2746 profecta
785 2665 958 2743 jucunditas
970 2712 978 2743 ,
989 2672 1103 2746 quanta
1122 2667 1292 2745 alacritate,
1306 2686 1369 2748 qua
1380 2673 1501 2736 mentis

340 2763 532 2826 contentione
553 2761 652 2825 danda
673 2781 691 2823 a
710 2762 802 2823 Nobis
819 2763 875 2824 erit
888 2781 981 2844 opera
996 2809 1004 2840 ,
1021 2770 1054 2823 ut
1067 2763 1165 2824 eidem
1184 2765 1245 2824 Nos
1266 2783 1453 2856 memores,
1466 2779 1502 2833 ut

340 2860 548 2940 gratissimos,
564 2868 597 2922 ut
610 2859 688 2922 illius
707 2859 873 2940 felicitatis,
894 2881 930 2923 ao
949 2862 1051 2942 gloriae
1061 2863 1272 2943 cupidissimos
1286 2862 1502 2933 declarantur

339 2962 408 3043 Qua
421 2962 555 3025 caritatis
565 2969 681 3044 ,atque
699 2961 811 3030 amoris
824 2962 935 3040 studia,
949 2981 1017 3043 quar
1029 2961 1144 3038 laudis,
1158 2961 1295 3040 bonoria,
1311 2969 1402 3044 atque
1411 2967 1501 3030 exia-

341 3058 506 3122 timationis
518 3065 696 3122 ornamenta
707 3058 739 3120 in
747 3059 877 3122 eundem
886 3066 974 3121 eruut
983 3058 1176 3135 conserenda,
1184 3076 1276 3139 quem
1284 3059 1498 3140 glodosissimi

340 3158 558 3239 clarissimique
581 3157 652 3219 lacti
675 3163 829 3219 auctorem
849 3175 913 3217 esse
934 3155 1146 3235 agnoscimus?
1170 3154 1229 3216 Sed
1249 3155 1279 3216 in
1302 3173 1500 3222 comemmo-

339 3258 440 3319 randis
447 3259 572 3339 egregiis
585 3258 663 3318 illius
675 3255 713 3316 de
723 3255 817 3316 Nobis
828 3253 943 3314 meritis
952 3253 1076 3314 minime
1086 3259 1156 3313 sunt
1167 3252 1205 3312 ab
1215 3251 1500 3334 ipsodisjmrgendae

339 3353 504 3416 Carissimae
517 3353 548 3416 in
561 3353 679 3414 Christo
693 3351 773 3413 Filiae
791 3353 905 3412 Nostrae
918 3352 1017 3443 Mariae
1040 3355 1133 3413 Annae
1150 3351 1288 3413 Victoria
1313 3352 1391 3415 illius
1410 3372 1499 3436 prae-

341 3450 531 3514 stantissimae
545 3449 724 3531 optimeque
735 3449 876 3529 conjugis
889 3448 1008 3530 Regina
1020 3448 1211 3510 Fidelissima
1223 3448 1339 3511 laudes.
1351 3449 1427 3513 Cum
1440 3452 1497 3517 illa

338 3547 480 3610 eximiam
494 3547 582 3629 Regis
595 3545 735 3607 aemulata
746 3545 932 3607 voluntatem
948 3546 1149 3626 singularibus
1160 3548 1267 3610 studiis
1280 3547 1441 3627 exarserit,
1458 3560 1496 3614 ut

338 3646 376 3707 de
388 3643 496 3723 Nobis,
513 3663 549 3706 ac
569 3643 607 3706 de
621 3643 755 3706 Ecclesia
771 3643 911 3705 universa
928 3644 1154 3724 praeclarissime
1170 3644 1494 3728 marcuerun'suuqm

339 3744 368 3805 in
384 3744 446 3805 Nos
452 3740 578 3824 'pietatis
587 3742 646 3806 hoc
656 3741 805 3824 precipue
816 3749 952 3822 tempore
961 3741 1122 3804 illustriora
1131 3749 1327 3806 monumenta
1341 3746 1493 3826 posuerit,

338 3837 465 3902 summis
482 3836 606 3900 aNobis
623 3845 669 3900 est
684 3844 714 3900 et
727 3836 948 3899 immortalibus
959 3837 1258 3901 commendationum
1276 3843 1307 3899 et
1322 3837 1494 3919 gratiarnm

339 3934 507 3998 actionibus
518 3933 701 3998 exornanda.
714 3934 783 3995 Pari
794 3940 941 4015 praterea
952 3934 1053 3996 animo
1062 3934 1093 3995 in
1102 3951 1226 3995 omnem
1240 3933 1364 4014 Ηεςὶαω
1374 3933 1492 3998 Nobis-

336 4051 395 4113 que
408 4030 634 4094 dilectissimam
647 4032 777 4092 Domum
792 4028 915 4091 allectos
928 4030 989 4090 Nos
998 4048 1063 4092 esse
1074 4035 1208 4111 oportet,
1220 4029 1307 4108 cujus
1317 4028 1357 4091 ad
1370 4035 1494 4093 veteres

336 4130 538 4209 precellentes
551 4125 679 4189 virtutes
696 4127 843 4189 accedunt
857 4127 926 4189 inde
940 4146 1019 4190 nova
1031 4146 1113 4191 nunc
1125 4147 1161 4190 ac
1173 4129 1307 4191 maxima
1325 4128 1447 4210 guia,
1457 4138 1493 4194 et

336 4225 367 4284 iu
379 4226 441 4287 Nos
451 4224 630 4288 meritorum
647 4222 841 4286 incrementa.
858 4224 928 4298 Quae
945 4242 1016 4286 vero
1034 4242 1064 4286 et
1078 4233 1191 4304 quanta
1204 4243 1269 4287 esse
1280 4224 1370 4287 debet
1383 4229 1493 4291 noem

335 4317 426 4383 etiam
436 4319 474 4385 de
485 4322 595 4386 dilecto
608 4320 683 4383 Filio
703 4321 796 4384 nobili
811 4322 877 4384 viro
888 4322 1004 4385 Gemite
1025 4324 1064 4385 de
1078 4327 1189 4406 Oeyras
1206 4325 1382 4388 Fidelissimi
1396 4325 1492 4407 Regis

335 4419 495 4482 secretario
513 4423 615 4484 Status
632 4420 774 4499 laudum,
796 4429 886 4504 atque
900 4422 1051 4484 honorum
1063 4424 1255 4505 praedicatio‘.l
1271 4427 1363 4506 Cujus
1378 4433 1492 4508 prater

334 4521 455 4578 caeteras
469 4517 746 4581 commendationes
756 4536 835 4579 nunc
849 4520 1112 4582 maximeillustria
1123 4540 1210 4602 ergas
1219 4525 1280 4585 Nos
1291 4521 1381 4587 studii
1394 4528 1491 4603 arque
