3188 5414
468 513 650 571 EPlSTOLAE
666 515 712 568 ET
730 514 863 568 BREVlrl
882 512 1118 568 §mertone
1313 518 1363 568 158

219 621 413 696 camenam,
438 619 707 681 etsiimmerentcs
724 618 981 681 divinitus‘evecti
993 619 1124 696 luimus,
1147 637 1183 680 eo
1198 619 1364 687 mirabilius

219 736 412 802 progressam
420 737 486 781 esse
496 718 633 795 videmus
643 719 829 800 ,quomajor
845 718 937 781 Nobis
953 718 1080 784 ornandi
1094 717 1184 780 vestri
1197 762 1205 794 ,
1218 717 1364 797 vobisque

219 819 405 901 gratificandi
426 819 507 881 lacta
528 824 575 880 est
598 817 755 900 potestatis
773 816 917 879 accessio.
940 817 1041 879 Facite
1063 815 1181 897 itaque,
1198 821 1233 877 ut
1251 833 1288 877 ex
1305 814 1366 876 bac

221 925 323 981 vestra
343 918 462 982 actione
484 917 686 997 intelligamus
698 924 801 979 nostra
820 915 851 976 in
870 933 923 975 vos
940 913 1057 990 studia,
1071 931 1108 974 ac
1133 911 1251 994 paterni
1273 911 1364 973 animi
1406 969 1409 976 .

220 1034 372 1077 summam
387 1014 544 1077 caritatem
568 1014 682 1095 optime
701 1032 765 1076 esse
786 1014 975 1076 collocatam.
993 1015 1054 1075 Nos
1072 1006 1212 1093 equidem
1234 1017 1366 1074 avestra

218 1112 249 1173 in
262 1114 324 1173 Nos
335 1111 447 1192 pietate
462 1110 493 1173 id
507 1110 600 1172 Nobis
615 1109 939 1191 omninopollioemur,
951 1116 1041 1190 atque
1056 1109 1182 1172 invicem
1196 1108 1281 1171 vobis
1289 1127 1366 1189 pro-

220 1207 297 1269 litari
307 1226 469 1288 possumus
481 1251 490 1285 ,
502 1206 678 1268 Preiectum
689 1212 825 1268 vestrum
839 1205 941 1268 omnia
953 1205 983 1267 in
1001 1205 1113 1283 Nobis,
1129 1213 1219 1285 atque
1230 1203 1366 1284 inqus-

220 1303 310 1366 tolica
331 1304 406 1365 Sede
428 1302 565 1384 preside
585 1321 651 1366 esse
671 1302 867 1380 habiturum,
886 1320 1000 1383 eosque
1022 1300 1239 1363 benevolentiae
1255 1306 1366 1377 nostrae

221 1399 351 1477 fructus,
370 1400 421 1481 qui
439 1399 570 1463 maxime
584 1399 622 1462 ad
636 1399 754 1462 Ordinis
769 1398 859 1461 vestri
873 1398 1085 1480 splendorem,
1104 1417 1141 1460 ac
1153 1395 1321 1461 sanctitatis
1335 1399 1367 1457 et

220 1502 363 1565 doctrina
377 1502 596 1564 incrementum
609 1500 758 1582 pertinent
769 1505 1037 1576 ,consecuturum
1053 1534 1055 1541 ·

725 1621 884 1633 -———-

677 1722 903 1792 cxxxvtn.
926 1753 929 1756 ⁴

416 1881 552 1922 DlLECTAE
576 1881 610 1921 ΙΝ
634 1878 766 1921 cunrado
789 1878 880 1921 FILIAE
902 1877 1013 1919 nonam
1035 1877 1172 1918 aruntem

505 1985 624 2046 ANNAE
644 1985 837 2046 COLUMNAE
856 1982 1081 2055 BABBERINI,

484 2109 625 2158 nucrssnr
640 2107 793 2168 sronrrn,
810 2107 964 2156 cesanrnr
979 2107 1103 2165 rmum,

536 2215 767 2294 crunnus
795 2216 919 2292 rnen
947 2213 1053 2328 xlv,

999 2364 1090 2419 Romae,
1107 2367 1136 2410 25
1148 2361 1204 2423 maji
1224 2364 1288 2410 1771.

262 2469 397 2537 Dilecto,
419 2474 470 2527 etr.
491 2468 638 2530 Certiores
656 2466 728 2530 facti
752 2485 857 2530 sumus
880 2487 898 2528 a
918 2467 1080 2529 venerabili
1101 2467 1194 2529 fratre
1217 2469 1367 2549 Prospero

223 2562 368 2626 Celestino
392 2564 532 2647 episcopo
545 2565 701 2628 Narniensi
718 2572 747 2627 te
764 2564 813 2626 die
835 2577 869 2626 tt
892 2565 983 2645 hujus
998 2564 1109 2627 mensis
1132 2564 1236 2626 abillo
1252 2568 1368 2628 Sancta

129 2669 134 2688 .
222 2660 374 2722 Restituta
389 2662 571 2724 monasterio
591 2663 780 2739 discessisse,
804 2669 834 2725 et
846 2664 1046 2726 Cornetanam
1058 2668 1194 2725 nostram
1215 2662 1368 2724 civitatem

221 2760 357 2839 petiisse,
367 2766 401 2821 ut
415 2779 528 2822 novum
537 2760 616 2824 istud
627 2761 775 2842 passionis
785 2759 891 2820 Christi
902 2758 1119 2821 monasterinm
1132 2759 1281 2838 ingressa,
1292 2760 1368 2840 opti-

224 2874 308 2917 mum
321 2873 425 2936 posses
436 2855 474 2917 de
488 2857 583 2918 salute
596 2866 649 2918 tua
662 2855 774 2935 Deique
789 2855 946 2915 vocatione
965 2854 1125 2915 consilinm
1144 2853 1261 2933 exequi.
1284 2856 1368 2916 Gau-

224 2950 331 3012 demus
347 2969 418 3012 sane
431 2951 537 3013 divine
550 2959 580 3012 te
599 2940 763 3028 voluntati,
784 2951 909 3029 ejusque
930 2949 1032 3027 gratiae
1046 2948 1174 3010 stimulis
1194 2949 1369 3010 obsecutam

224 3048 347 3111 tandem
361 3067 440 3126 esse,
454 3067 490 3111 ac
508 3049 546 3111 ad
558 3068 626 3112 eam
640 3048 743 3111 salutis
752 3048 832 3110 viam
841 3093 849 3124 ,
859 3067 925 3128 quae
933 3044 1062 3110 Domino
1073 3049 1193 3128 placeat
1206 3047 1369 3110 ineundam

223 3147 393 3227 comparari
405 3149 551 3228 maiorem
560 3148 590 3209 in
601 3146 727 3211 modum
740 3147 794 3209 tibi
808 3147 1006 3227 gratulamur.
1022 3147 1223 3208 Vehementer
1234 3145 1317 3208 enim
1331 3147 1369 3208 ad

222 3243 266 3306 rei
289 3263 440 3307 summam
459 3245 601 3308 interesse
621 3244 748 3323 scimus,
771 3263 809 3306 ne
830 3243 947 3305 divinas
967 3243 1004 3305 de
1018 3251 1122 3306 nostra
1140 3249 1252 3306 aeterna
1273 3244 1369 3306 salute

223 3343 355 3405 rationes
369 3342 450 3421 aliis,
466 3348 639 3408 autnostrae
655 3349 707 3405 aut
727 3342 855 3404 aliorum
868 3341 1031 3404 volunt-atis
1043 3340 1211 3404 rationibus
1226 3341 1370 3425 impedia-

224 3459 308 3515 mus,
323 3461 359 3503 ac
378 3441 574 3505 retardemus.
588 3445 687 3523 Atque
707 3443 773 3521 eins
789 3441 833 3503 tni
846 3441 877 3502 iu
896 3441 1113 3503 monasterinm
1134 3440 1284 3520 ingressus
1299 3441 1370 3503 felix

225 3538 294 3601 inde
313 3541 449 3620 capimus
469 3541 561 3602 etiam
581 3539 765 3621 auspicium,
788 3538 870 3619 quod
890 3538 920 3598 in
940 3557 992 3601 eos
1005 3537 1143 3600 inciderit
1156 3537 1238 3615 dies,
1259 3539 1370 3618 quibus

225 3636 324 3699 Sancti
336 3637 487 3718 Spirituse
498 3639 573 3700 coelo
586 3638 764 3714 delabentis,
778 3655 814 3698 ac
827 3636 1042 3717 Apostolorum
1050 3635 1144 3700 corda
1157 3636 1370 3699 inllammantis

226 3734 404 3796 memoriam
422 3734 626 3812 celebramus,
638 3735 725 3814 cujus
738 3733 820 3796 enim
840 3739 871 3794 te
891 3732 1026 3794 vocantis
1046 3732 1180 3810 alilatus,
1196 3735 1261 3813 jam
1283 3740 1371 3795 antea

225 3851 375 3909 senseras,
397 3830 533 3910 ejusdem
555 3833 756 3894 cumulatiora
774 3831 833 3894 hoc
857 3836 992 3909 tempore
1015 3847 1075 3890 non
1095 3830 1269 3891 dubitamus
1289 3830 1319 3890 in
1340 3837 1371 3891 te

225 3929 325 3991 lutura
340 3929 438 4007 dona,
459 3929 569 4010 quibus
582 3929 612 3991 iu
626 3937 767 4011 suscepta
779 3929 897 3990 ratione
911 3926 1102 4004 conforteris,
1118 3947 1153 3991 ac
1166 3929 1262 3990 multo
1278 3947 1371 4009 quarn

226 4033 315 4088 antea
334 4028 484 4090 robustior
505 4028 580 4104 tias,
597 4034 628 4090 et
641 4029 856 4090 confirmatior.
879 4027 911 4088 ld
926 4026 1048 4107 quidem
1062 4032 1146 4087 tanto
1161 4026 1271 4087 certius
1287 4045 1371 4088 asse-

226 4124 341 4203 queris,
354 4133 467 4205 quanto
478 4127 561 4208 prins
574 4126 614 4187 illi
627 4133 775 4188 cortuum
789 4123 1027 4200 consecraveris,
1039 4141 1075 4184 ac
1086 4141 1210 4203 prorsus
1224 4122 1371 4203 integram

227 4231 287 4283 tuae
293 4225 454 4286 voluntatis
462 4224 642 4286 sacrificium
652 4224 794 4287 obtuleris
803 4271 811 4302 ,
822 4241 919 4303 neque
927 4240 1059 4302 unquam
1068 4221 1371 4303 intermiserispreces

227 4319 348 4381 adeum
362 4319 502 4397 tundere,
515 4322 545 4383 in
559 4340 655 4402 eoque
666 4321 877 4403 cogitationes,
889 4339 973 4401 spes,
985 4321 1175 4400 rationesque
1186 4324 1253 4381 tuns
1266 4339 1371 4382 omnes

226 4421 385 4482 collocare.
397 4422 467 4481 Hec
475 4427 560 4500 sunt,
577 4422 768 4485 dilectissima
777 4421 807 4482 in
820 4419 936 4481 Christo
950 4419 1011 4480 lilia
1020 4418 1129 4480 nobilis
1141 4418 1258 4496 mulier,
1269 4427 1371 4482 nostra

226 4516 263 4578 do
277 4523 330 4578 tua
341 4517 435 4578 sainte
447 4519 586 4597 consilia,
600 4521 664 4582 baec
677 4538 713 4581 ex
729 4519 834 4580 intimo
844 4526 970 4598 paterno
984 4516 1076 4579 corde
1090 4515 1275 4598 deprompta·
1283 4526 1368 4592 rota,
