3188 5414
428 516 610 570 EPlS'l'OLAE
631 517 674 570 ET
692 516 829 572 natvm
848 517 1083 572 SELECTlORA.
1300 519 1329 568 tr

71 615 75 623 ’
181 618 358 684 venerabilis
378 619 488 697 trater,
506 619 630 680 animati
645 638 768 698 sumus,
791 627 825 682 ut
847 621 920 682 nihil
935 619 1093 701 cupiamus
1115 619 1226 696 magis,
1239 636 1332 698 quam

185 717 318 797 aliquam
339 718 523 798 suppeditari
538 719 630 780 Nobis
650 719 907 800 opportunitatem
919 714 1093 779 declarandi
1109 714 1163 775 tibi
1183 715 1289 794 quanti
1303 721 1333 775 te

182 815 341 892 iaciamus,
353 833 447 895 quam
459 816 603 896 praeclare
615 815 654 877 de
665 821 708 894 te,
719 817 757 877 de
768 815 913 895 pastorali
926 815 1037 876 virtme
1049 819 1115 890 tua,
1129 811 1228 892 deque
1242 811 1333 872 obse-

181 913 380 994 quentissima
389 912 419 974 in
430 913 628 994 apostolicam
637 912 739 975 sedem
752 913 907 975 voluntate
921 911 1097 1000 sentiamus.
1111 909 1235 971 Interim
1247 926 1334 988 apos-

78 1074 83 1087 ,
181 1009 303 1072 tolicam
317 1009 558 1073 benedictionem
570 1010 637 1089 tibi,
651 1000 770 1090 tuaeque
781 1009 852 1071 fidoi
865 1009 1029 1082 commisso
1042 1007 1156 1089 populo
1169 1022 1334 1089 peraman-

181 1116 228 1171 ter
243 1110 444 1191 impertimur.
461 1112 573 1171 Datum
586 1110 706 1182 Rome,
722 1116 794 1180 etc,
812 1109 916 1172 dieta
930 1109 1011 1186 jotti
1033 1116 1126 1184 1769,
1143 1107 1334 1185 pontificatus

180 1213 373 1291 castriacus
386 1212 494 1287 primo.
533 1289 534 1292 Ἴ

669 1314 851 1330 ..σκιή-ιιι·-

719 1411 794 1480 Xll.

627 1575 772 1618 nubens
794 1575 888 1618 attus

458 1680 678 1742 DUUMVIRIS
699 1681 749 1742 ΕΤ
768 1676 1053 1743 DECURIONIBUS

391 1803 522 1850 orrum
546 1803 690 1852 uosrnr
716 1805 849 1853 SANGTI
876 1804 1123 1853 caenandum

490 1915 882 2038 cununnsvmm
912 1918 1019 1994 xiv,

974 2084 1071 2144 noma,
1085 2081 1173 2144 lajulii
1188 2084 1255 2131 1769.

222 2190 346 2259 Dilectt,
363 2196 420 2250 etc.
446 2189 564 2253 Litterae
587 2197 693 2255 vestrae
713 2190 848 2271 obsequii
859 2237 868 2269 ,
885 2190 971 2267 fidei,
992 2208 1028 2251 ac
1042 2187 1240 2254 observantiae
1263 2206 1335 2267 erga

181 2289 242 2348 Nos
257 2285 521 2366 significationibus
544 2287 735 2368 plenissimae,
758 2286 868 2368 quibus
892 2287 930 2349 de
955 2285 1111 2368 pontificia
1129 2284 1276 2364 dignitate
1295 2284 1334 2349 ad

180 2384 241 2445 Nos
262 2382 362 2444 delata
385 2383 551 2444 luculenter
569 2381 712 2462 gratulati
737 2381 828 2460 estis,
849 2381 1078 2462 jucundissimae
1097 2382 1190 2444 Nobis
1212 2382 1334 2447 accide-

182 2489 262 2544 runt.
282 2482 316 2542 In
336 2483 514 2544 memoriam
528 2482 609 2544 enim
628 2488 773 2545 revocant
789 2489 920 2544 veterem
935 2481 1073 2544 omnium
1093 2487 1238 2558 vestrum,
1256 2480 1335 2544 iuter

180 2598 256 2660 quos
274 2579 339 2641 nati
364 2599 485 2657 sumus,
509 2579 685 2661 praeclaram
708 2578 739 2640 in
760 2581 822 2642 Nos
844 2580 1032 2641 voluntatem
1053 2584 1144 2659 atque
1165 2577 1274 2640 merita
1295 2578 1334 2640 ab

180 2677 246 2758 ipso
269 2694 344 2758 pene
365 2684 434 2739 ortu
457 2684 502 2739 tot
522 2673 640 2739 indiciis
653 2683 823 2757 perspecta,
837 2676 999 2758 exquibus
1026 2683 1151 2738 nuncet
1164 2682 1333 2740 vestrorum

182 2773 213 2835 in
226 2773 287 2836 Nos
301 2772 470 2836 studiorum
481 2779 638 2854 tamquam
649 2771 783 2853 effigiem
792 2772 956 2852 intuemur,
967 2780 998 2835 et
1006 2773 1116 2847 letitiae
1124 2780 1228 2836 nostra
1241 2762 1334 2838 causa

182 2895 200 2934 a
213 2873 298 2934 vobis
309 2879 459 2954 perceptae
470 2865 709 2950 magnitudinem
721 2876 941 2949 cognoscimus.
956 2869 1108 2932 Gaudium
1125 2871 1185 2933 hoc
1199 2877 1333 2935 vestrum

182 2971 275 3031 etiam
285 2969 385 3030 dilecti
397 2969 450 3028 tilii
462 2969 595 3028 loannes
606 2964 689 3025 Felix
700 2965 881 3026 Garatonius
891 2973 921 3025 et
930 2966 1090 3043 Cajetanus
1099 2966 1244 3028 Marinius
1253 2968 1334 3030 cives

182 3067 284 3143 vestri,
299 3083 458 3146 quoscum
471 3061 576 3124 litteris
586 3060 625 3122 ad
635 3061 696 3122 Nos
707 3060 845 3140 delegare
857 3061 993 3123 voluistis
1005 3060 1250 3125 luculentissimis
1263 3064 1334 3126 olii-

181 3165 236 3227 ciis
255 3171 285 3226 et
305 3165 439 3245 ipsorum
459 3161 563 3223 itidem
585 3179 677 3222 causa
694 3158 783 3221 nobis
806 3160 1024 3242 acceptissimis
1037 3161 1237 3241 explicarunt.
1253 3164 1334 3227 Gra-

180 3265 296 3326 tissimo
319 3263 408 3343 igitur
423 3261 531 3323 animo
545 3260 610 3322 haec
623 3261 728 3340 patriae
748 3266 858 3322 nostrae
875 3279 971 3345 'quam
989 3278 1070 3321 nunc
1094 3267 1128 3322 ut
1145 3261 1334 3327 carissimam

181 3363 274 3424 filiam
287 3360 528 3442 complectimur,
540 3358 662 3439 pietatis
672 3357 703 3420 in
715 3359 776 3420 Nos
786 3358 958 3421 testimonia
970 3364 1096 3440 excepta
1107 3358 1199 3422 fuisse
1213 3361 1334 3441 prolite-

180 3468 290 3538 temur,
310 3457 454 3538 vobisque
473 3454 601 3518 invicem
624 3454 808 3535 spondemus
826 3455 1011 3535 peculiarem
1033 3475 1151 3538 semper
1174 3465 1334 3538 paternam

181 3565 317 3637 nostram
336 3574 407 3635 erga
427 3574 481 3616 vos
498 3572 606 3634 resque
622 3558 737 3615 vestras
748 3547 992 3619 benevolentiam
1011 3555 1156 3634 futuram,
1181 3556 1221 3618 ad
1240 3575 1333 3637 quam

182 3654 266 3716 vobis
288 3652 387 3732 reipsa
402 3651 522 3713 uberius
541 3649 710 3712 testandam
725 3648 870 3729 dignitate
888 3659 991 3714 nostra
1005 3653 1182 3715 facultatem
1200 3655 1334 3736 ampliti-

181 3748 282 3814 catam
295 3748 361 3813 esse
376 3767 556 3831 magnopere
581 3749 729 3810 laetamur.
751 3750 813 3810 Vos
831 3750 954 3811 iuterim
974 3751 1196 3832 praeclarius'in
1215 3752 1280 3814 dies
1295 3754 1333 3817 de

179 3839 272 3913 Nobis
284 3846 447 3912 merituros
461 3846 652 3926 conlidimm,
671 3847 753 3929 quod
770 3848 903 3910 maxime
921 3847 1058 3912 tacturos
1078 3869 1132 3912 vos
1148 3837 1212 3912 esse
1227 3851 1329 3928 eristi·-

179 3952 279 4026 mate,
298 3938 436 4010 silicum
448 3947 518 4026 Opt.
534 3946 614 4007 Max.
628 3940 686 4026 pro
700 3951 804 4008 nostra
814 3944 1022 4010 imbecillitate
1037 3947 1071 4009 in
1087 3947 1265 4028 gravissimo
1278 3968 1333 4030 ge-

180 4042 273 4107 rendo
294 4061 435 4122 munere,
458 4042 508 4104 cui
527 4042 659 4124 impares
678 4040 805 4104 omnino
826 4061 948 4122 sumus,
968 4030 1076 4123 rfivinis
1095 4044 1241 4126 praesidiis
1267 4064 1333 4109 mu-

180 4140 290 4203 nienda
312 4140 431 4204 assidue
454 4138 690 4222 deprecarinon
703 4141 917 4205 intermittatis
936 4145 1066 4224 [ternum
1087 4141 1287 4205 certissimum
1301 4145 1332 4207 in

180 4233 234 4301 vos
250 4239 384 4301 caritatis
406 4237 516 4320 pignus
535 4238 734 4319 apostolicam
750 4239 992 4306 benedictionem
1011 4241 1116 4318 vobis,
1141 4239 1242 4304 dilecti
1258 4243 1311 4305 tilii
1321 4290 1329 4322 ,

180 4333 372 4418 peramanter
386 4335 587 4418 impertimur.
600 4338 713 4398 Datum
728 4337 842 4414 Rome,
855 4345 923 4414 etr„
940 4343 989 4404 rtte
1005 4351 1039 4401 ts
1053 4341 1133 4418 julii
1153 4350 1240 4421 ttae,
1251 4360 1331 4421 poa-

182 4439 424 4515 trficotasoostm'
434 4439 632 4513 comprimo..
978 4443 980 4449 '
1183 4435 1185 4438 ’

665 4550 848 4565 ’.ι-ῃ
