3188 5414
219 538 272 588 nrt
645 528 847 586 tenuantis
865 529 932 585 xlv

216 644 279 714 ret,
295 655 329 700 ac
343 636 479 714 ejusdem
490 634 608 696 Ordinis
623 635 766 696 unitatem
780 651 897 715 semper
913 650 967 714 per
979 629 1279 711 generalia'capitula
1294 649 1372 693 con-

217 735 370 795 firmatam
380 730 606 813 quodammodo
619 730 804 810 disjungeret
815 749 851 792 ac
865 730 1002 792 solveret.
1017 729 1070 789 llla
1081 733 1230 808 praeterea
1241 729 1374 791 utilitate

218 837 291 895 tunc
300 829 466 892 carendum
477 834 570 903 esset,
583 846 651 907 quae
663 826 812 908 precipua
826 845 863 888 cx
875 825 1010 888 omnium
1025 823 1184 885 nationum
1197 823 1373 887 celebritate

218 928 257 990 de
271 926 408 991 ministro
421 924 553 1005 generali
570 923 700 985 creando
719 930 837 985 tantum
852 922 961 1002 agitur,
976 921 1029 983 sed
1041 939 1078 982 ea
1091 920 1320 1001 opportunitate
1341 923 1373 982 in

218 1045 378 1090 commune
389 1026 481 1089 etiam
493 1023 669 1098 consulitur,
683 1021 707 1082 si
722 1021 795 1102 quid
803 1019 1047 1095 reformandum,
1059 1017 1273 1097 corrigendum
1285 1019 1325 1080 sit
1336 1038 1372 1080 ac

218 1123 256 1189 dc
269 1124 385 1204 integro
404 1121 617 1198 statuendum,
631 1119 704 1200 quid
727 1125 879 1199 tempora,
894 1117 966 1199 quid
980 1117 1175 1180 necessitates
1188 1123 1371 1198 exposcant,

218 1221 407 1300 cognoscitur
426 1220 465 1283 ab
480 1218 620 1282 omnibus
637 1227 668 1281 et
681 1218 861 1280 decernitur.
880 1216 1060 1297 Exemplum
1082 1236 1174 1298 porro
1197 1217 1230 1277 S.
1246 1218 1289 1278 bl.
1305 1219 1372 1280 Gle-

219 1317 401 1383 mentisVll
426 1314 654 1379 Prmdecessoris
682 1314 775 1376 nostri
799 1314 882 1395 quod
912 1313 1018 1390 alters,
1040 1311 1231 1376 Venerabilis
1254 1313 1371 1388 Frater,
1424 1304 1426 1309 ’

218 1413 365 1492 maj0rem
386 1413 478 1474 habet
492 1409 627 1493 prolecto
643 1410 681 1473 ad
695 1413 755 1473 Nos
773 1430 791 1473 a
807 1412 1026 1493 compromisso
1044 1411 1256 1490 deducendos,
1281 1428 1374 1492 quam

219 1509 257 1570 ad
267 1510 347 1571 idem
357 1508 552 1589 impellendos
561 1508 633 1569 rim.
645 1509 719 1570 Cum
732 1508 812 1571 enirn
824 1510 916 1572 semel
927 1501 1059 1591 capitula
1069 1510 1223 1590 generalia
1237 1528 1292 1592 per
1304 1529 1372 1572 suas

222 1606 251 1666 in
270 1604 368 1666 torma
383 1605 484 1666 Brevis
505 1604 619 1666 litteras
636 1623 706 1666 cum
729 1606 937 1689 compromissi
951 1606 999 1669 via
1012 1612 1248 1683 commutasset,
1261 1625 1301 1668 ea
1311 1615 1371 1668 sta-

220 1702 275 1762 tim
288 1709 449 1762 consecnta
462 1709 611 1789 suntque
624 1701 723 1781 ipsum
744 1702 782 1763 ad
798 1702 969 1764 revocanda
988 1702 1110 1765 comitia
1123 1702 1278 1782 generalia
1298 1703 1371 1764 abo-

220 1802 401 1882 lendumque
425 1799 677 1882 compromissum
698 1800 900 1880 impulerunt,
920 1807 954 1861 ut
975 1807 1058 1881 patet
1076 1819 1112 1861 ex
1126 1799 1265 1877 eiusdem
1284 1817 1371 1860 cons-

220 1897 358 1958 titutione
375 1897 405 1957 in
420 1896 629 1959 formaBrevis
641 1895 689 1958 die
704 1898 729 1957 ll
740 1896 866 1977 Augusti
886 1905 962 1958 1533
974 1942 982 1972 ,
995 1895 1067 1958 deta
1077 1913 1146 1976 quc
1158 1893 1265 1975 incipit
1283 1895 1371 1954 ‹illu-

222 2013 275 2074 per
296 1993 449 2074 cupientes
461 2015 491 2052 a.
506 1992 737 2074 llludpraeterea
753 1993 853 2057 iubae
864 1993 1040 2074 gravissima
1054 2012 1086 2054 re
1105 1993 1274 2055 verendum
1285 1992 1373 2055 Nobis

220 2099 283 2170 est,
295 2092 417 2173 nequid
430 2099 543 2154 temere
556 2092 663 2154 fecisse
676 2089 845 2166 videamur,
856 2092 881 2153 si
892 2091 1034 2153 nimirum
1043 2097 1161 2171 partes,
1174 2108 1309 2170 quarum
1324 2088 1370 2149 in-

221 2197 328 2265 terest,
345 2208 405 2251 non
427 2188 535 2251 audite
553 2209 571 2250 a
592 2189 684 2250 Nobis
705 2195 775 2250 ante
795 2188 916 2267 luerint,
937 2187 1133 2268 omniumque
1155 2187 1187 2248 in
1212 2205 1373 2248 commune

221 2285 442 2348 consulentiurn
462 2286 614 2347 sententie
642 2303 705 2347 non
727 2287 899 2366 explorata.
922 2287 1026 2365 ltaque
1048 2283 1238 2346 Venerabilis
1262 2286 1373 2360 Frater,

101 2392 107 2409 ‘
222 2401 257 2443 ex
272 2382 319 2443 bis
338 2381 451 2463 optime
468 2382 550 2443 vides
563 2382 681 2444 nullum
695 2401 713 2442 a
726 2382 818 2443 Nobis
838 2399 920 2443 nunc
938 2380 1096 2443 consilium
1109 2379 1223 2461 suscipi
1235 2387 1375 2461 oportere

223 2479 275 2541 sed
289 2478 509 2560 expectandum
518 2484 679 2560 propterea
690 2479 784 2542 videri
796 2479 924 2560 proximi
938 2478 1066 2560 Capituli
1077 2478 1233 2541 Generalis
1245 2485 1373 2561 tempus.¹

224 2578 256 2638 ln
267 2576 318 2637 illo
331 2575 356 2637 si
367 2594 423 2656 pro
435 2574 654 2656 compromisso
671 2576 855 2658 praepositae,
867 2595 1005 2658 expensae
1012 2623 1021 2656 ,
1034 2577 1231 2658 probataque
1243 2577 1377 2640 rationes

223 2672 349 2752 tuerint,
363 2679 453 2751 atque
467 2670 506 2734 ad
515 2672 665 2751 judicium
678 2679 815 2736 nostrum
826 2690 881 2755 per
891 2674 1027 2754 ejusdem
1040 2673 1164 2755 capituli
1173 2691 1283 2754 preces
1293 2672 1378 2735 dda-

223 2781 261 2833 1ae
274 2779 338 2832 tum
350 2769 444 2833 Nobis
456 2767 544 2832 facile
555 2769 693 2833 futurum
705 2771 763 2833 erit
775 2789 811 2832 ea
822 2777 973 2848 statuere,
987 2789 1053 2852 que
1065 2770 1175 2834 divinae
1188 2769 1292 2852 glorie
1301 2768 1378 2832 ratio

223 2867 375 2948 Seraphici
393 2865 511 2928 Ordinis
522 2866 634 2929 utilitas
645 2873 678 2929 et
691 2885 853 2931 commune
868 2869 1076 2931 universorum
1086 2867 1204 2931 bonum
1216 2885 1379 2948 exposcere

224 2966 253 3026 in
267 2963 395 3027 Domino
410 2963 602 3027 videbuntur.
625 2967 693 3041 Qua
711 2965 834 3046 quidem
854 2966 885 3027 in
905 2984 938 3027 re
955 2965 1030 3027 dum
1050 2967 1112 3027 Nos
1134 2963 1263 3027 consilio
1275 2971 1379 3026 nostro

224 3072 373 3146 quantum
385 3063 416 3125 in
429 3063 522 3125 Nobis
538 3070 602 3139 est,
617 3067 649 3125 et
661 3063 788 3127 aliorum
798 3062 890 3125 etiam
910 3063 1049 3139 doctrina
1064 3061 1169 3140 facile,
1186 3079 1223 3124 ac
1233 3060 1380 3142 sapientia

224 3162 306 3225 usuri
317 3180 441 3238 sumus,
455 3160 647 3242 potissimum
659 3160 761 3225 divina
772 3180 829 3242 ope
844 3180 938 3243 quam
948 3161 1033 3224 enixo
1044 3160 1286 3242 implorabimus,
1298 3160 1379 3223 nite-

226 3279 306 3324 mur.
323 3260 410 3334 Quod
420 3265 487 3338 jam
505 3259 543 3320 de
567 3258 691 3341 capituli
706 3257 853 3340 generalis
867 3258 1054 3340 expectanda
1072 3258 1220 3321 sententia
1230 3256 1379 3335 deintus,

199 3437 200 3443 ἵ
226 3357 305 3419 idem
318 3357 411 3418 etiam
425 3356 463 3418 ad
484 3356 698 3424 Discretorium
709 3357 854 3419 Generale
867 3356 1056 3421 extendimus
1066 3403 1074 3431 ,
1086 3356 1115 3419 si
1127 3356 1203 3420 illud
1211 3355 1311 3437 ipsum
1323 3355 1381 3417 lra-

226 3455 324 3518 bitum
341 3461 410 3518 ante
426 3454 473 3515 tel
493 3459 566 3537 post
583 3455 720 3534 generale
739 3454 904 3537 capitulum
917 3454 956 3518 de
969 3455 1190 3536 compromisso
1204 3453 1243 3517 ad
1254 3454 1316 3516 llos
1328 3452 1382 3516 in-

225 3553 311 3615 nixas
330 3550 515 3633 gravissimis
537 3551 637 3616 cauns
651 3571 756 3634 preces
778 3553 927 3616 detulerit.
950 3554 1079 3618 Demum
1093 3551 1175 3630 quod
1192 3557 1381 3634 postremum

225 3656 271 3713 est
281 3657 341 3712 tue
354 3650 486 3733 epistole
499 3658 606 3732 caput,
620 3650 805 3712 Venerabilis
814 3652 928 3730 Frater,
942 3650 972 3711 in
991 3670 1053 3732 quo
1066 3650 1105 3714 de
1116 3649 1381 3732 explorandorum

225 3750 372 3832 cujusque
395 3750 565 3831 religiosam
587 3748 804 3831 professionem
819 3750 916 3812 multo
939 3750 1125 3827 accuratius,
1149 3767 1245 3830 quam
1267 3748 1382 3811 laebmr

226 3849 373 3913 hactenus
400 3849 454 3927 sit,
475 3849 633 3937 vocatione
647 3850 710 3931 agis
719 3894 728 3928 ,
743 3856 883 3931 optamus
902 3851 963 3912 Nos
978 3850 1128 3929 maJorem
1140 3849 1173 3910 in
1184 3847 1330 3924 modum,
1349 3855 1382 3909 nt

226 3947 258 4009 id
269 3949 361 4023 ctiam
375 3946 406 4008 in
420 3948 558 4028 proximo
569 3948 705 4030 capitulo
714 3949 852 4011 Generali
864 3954 1077 4029 pertractetur,
1085 3946 1280 4027 rationesque
1288 3945 1382 4007 Nobis

227 4044 402 4123 afferantur,
422 4044 532 4126 quibus
548 4046 579 4116 id
592 4046 693 4126 ipsum
707 4045 820 4127 optime
835 4064 870 4108 ac
885 4046 1040 4112 utilissime
1055 4045 1162 4111 contisi
1180 4045 1288 4126 possit.
1302 4043 1382 4107 uruit

228 4142 414 4220 donamus,
432 4141 620 4205 Venerabilis
633 4145 750 4219 Frater,
764 4160 821 4223 pro
834 4149 887 4206 tua
898 4143 1141 4226 perspectissime
1150 4142 1182 4205 in
1193 4143 1259 4205 Nos
1270 4140 1389 4223 pictam,

229 4239 484 4318 acobservaatia,
505 4237 580 4318 quin
598 4239 663 4309 hac
681 4239 785 4302 omnia
798 4259 851 4318 eo,
870 4259 931 4320 quo
947 4241 1078 4306 maxime
1092 4242 1233 4302 uolumus
1250 4238 1385 4320 excipias

229 4335 329 4400 rmimo
338 4383 347 4415 ,
358 4357 404 4410 ‚ac
421 4337 572 4401 existimes
589 4337 662 4401 nihil
675 4340 737 4400 Nos
749 4338 890 4402 libentius
906 4358 1043 4421 unquam
1060 4345 1183 4406 acturos
1193 4357 1272 4417 esse,
1289 4354 1385 4420 quun

229 4434 311 4514 quod
325 4442 356 4496 et
375 4435 528 4518 Serapbici
541 4435 659 4499 Ordinis
673 4437 774 4501 decori
793 4443 825 4501 et
844 4438 987 4517 preclaro
1001 4445 1054 4499 tuo
1069 4437 1101 4499 in
1120 4437 1217 4504 illum.
1227 4436 1328 4503 studio
1344 4437 1386 4501 sit

230 4539 473 4621 consentaneum.
492 4538 536 4598 Ac
555 4535 585 4597 in
603 4535 761 4614 singularis
775 4540 883 4598 nostra
896 4553 968 4621 erga
986 4542 1016 4597 te
1028 4533 1164 4623 caritatis.
1175 4533 1388 4616 mantum
