3188 5414
231 500 282 564 ili
491 532 494 539 ·
663 512 866 566 csuttrarts
883 512 948 566 xlv

180 634 183 638 ·
228 594 399 706 reddimus,
413 634 508 696 eoque
518 619 560 692 te,
572 634 633 695 quo
645 634 822 696 possumus,
833 615 988 678 verissimo
998 613 1244 697 amplissimoque
1255 607 1391 678 horroris¹

227 714 352 793 praemio
365 712 578 794 ⁴prosequimur
592 719 623 774 et
636 713 837 774 cumulamus.
852 712 885 774 ld
895 712 1019 794 quidem
1033 719 1119 774 tanto
1128 712 1222 774 mam
1233 710 1389 775 libentius

227 811 369 888 tacimus,
388 810 469 892 quod
488 818 572 872 tuam
592 810 671 871 hanc
688 809 838 890 cogitandi
853 808 1019 890 agendique
1032 805 1186 871 rationem
1196 823 1389 888 maguupme

227 907 416 986 profuturam
431 925 495 969 esse
509 906 545 968 ad
557 911 695 986 optatum
708 923 885 986 congressus
897 905 988 967 vestri
1002 905 1118 966 exitium
1129 903 1387 984 eonsequmdum

226 1003 419 1079 conlidimus3
434 1003 472 1064 de
492 1020 553 1083 quo
571 1004 632 1064 Nos
649 1002 692 1063 ita
704 1000 823 1064 solliciti
836 1019 956 1077 sumus,
972 1007 1006 1062 ut
1019 1001 1170 1063 maumas
1189 999 1261 1063 illue
1275 997 1386 1080 ponti-

226 1100 286 1161 licii
303 1100 394 1162 animi
409 1101 501 1162 nostri
514 1119 603 1162 curas
622 1099 823 1162 conferamus.
838 1102 931 1180 Perge
942 1098 1044 1180 igitur,
1060 1099 1248 1162 Venerabilis
1261 1100 1383 1172 Frater,

224 1215 321 1277 usque
339 1197 459 1274 insiste,
480 1216 541 1278 qua
563 1197 696 1279 roepisti,
717 1199 781 1275 ria,
804 1200 925 1279 Nosque
939 1197 977 1261 de
991 1206 1159 1260 vestrarum
1173 1197 1383 1260 Ecclesiamm

224 1290 317 1352 rebus
339 1310 529 1372 summopere
549 1291 721 1354 laborantes
739 1301 830 1374 atque
853 1293 958 1355 anxios
977 1293 1021 1356 ita
1043 1294 1171 1373 adjuva,
1191 1300 1224 1356 ut
1246 1294 1383 1373 collegas

225 1393 311 1464 tuos,
324 1395 470 1467 quantum
481 1407 589 1468 opera,
602 1389 738 1466 consilio,
751 1397 842 1471 atque
850 1392 1028 1454 auctoritate
1037 1394 1136 1471 vales,
1150 1393 1187 1455 ad
1200 1393 1382 1455 unanimem

223 1500 280 1562 pro
294 1490 393 1544 vestro
408 1483 518 1545 tuendo
526 1486 594 1562 jure
609 1485 806 1566 libertateque
817 1488 956 1549 Ecclesia
975 1488 1136 1551 asserenda
1149 1488 1380 1551 contemtorem

224 1578 382 1640 accendas.
397 1580 507 1641 Mirum
520 1587 565 1642 est
583 1581 678 1659 enim,
703 1589 850 1661 quantum
864 1583 903 1644 ad
923 1584 1112 1662 universam,
1127 1584 1165 1646 de
1184 1603 1246 1665 qua
1267 1582 1381 1663 agitur,

224 1691 291 1733 rem
307 1673 434 1752 intersit,
450 1676 528 1737 utin
552 1676 609 1738 isto
627 1696 805 1756 congressu,
823 1679 853 1739 in
867 1698 960 1760 quem
983 1680 1183 1761 plurimorum
1197 1679 1278 1743 oculi
1299 1698 1383 1742 uon-

224 1769 301 1830 versi
318 1778 403 1848 sunt,
424 1773 588 1852 quamdam
609 1773 685 1834 inter
699 1793 753 1836 vos
767 1775 938 1840 animorum
949 1778 1194 1855 conjunctionem
1213 1776 1379 1844 sauciatis,

223 1863 313 1945 idque
332 1868 370 1927 ad
393 1875 569 1930 ceterorum
590 1871 682 1931 etiam
704 1872 891 1952 exemplum,
909 1872 947 1934 de
967 1873 1146 1954 episcopali,
1169 1873 1252 1954 quod
1274 1873 1382 1952 geritis

222 1966 406 2044 ministerio,
434 1975 592 2048 vestraque
614 1968 759 2048 dignitate
784 1969 917 2032 sentiatis
937 1989 1044 2032 omnes
1064 1990 1099 2031 ac
1113 1970 1271 2045 statuatis,
1292 1970 1381 2049 quod

222 2062 298 2123 tanti
313 2067 447 2126 muneris
467 2067 560 2142 ratio,
582 2064 665 2146 quod
685 2065 880 2128 sanctissima
894 2085 930 2128 ae
944 2067 1151 2128 vetustissima
1174 2067 1270 2146 leges,
1292 2067 1391 2147 quod·

224 2160 298 2224 tides
315 2169 429 2239 vestra,
444 2181 536 2243 quam
548 2165 628 2240 Deo,
644 2183 737 2244 quam
746 2165 884 2226 Ecclesia
897 2166 1073 2246 Populoque
1083 2172 1189 2227 vestra
1203 2183 1283 2226 curae
1292 2183 1382 2226 com-

222 2255 315 2316 misso
326 2256 497 2336 obligastis,
509 2259 621 2320 avobis
632 2260 796 2341 postulant.
810 2263 879 2322 Haeo
888 2279 950 2323 non
959 2261 1100 2323 hortandi
1113 2263 1159 2324 tui
1170 2281 1279 2338 causa,
1291 2263 1381 2342 quod

221 2353 347 2414 ruinime
368 2372 488 2416 neeesse
503 2361 564 2433 est,
582 2356 635 2418 sed
649 2364 708 2419 tuae
720 2355 821 2436 gloria
835 2357 1048 2420 confirmanda
1068 2358 1272 2440 augendaque
1289 2361 1381 2441 cupi-

220 2450 316 2511 ditate
334 2451 392 2512 dioi
407 2471 424 2513 a
443 2452 536 2513 Nobis
548 2453 702 2531 existima,
714 2454 882 2534 pignusque
896 2461 1005 2516 nostra
1020 2455 1111 2535 hujus
1124 2456 1285 2536 singularis
1303 2475 1382 2538 erga

222 2555 253 2607 te
267 2547 429 2609 voluntatis
440 2548 519 2610 habe
532 2550 729 2630 apostolicam
737 2551 994 2629 benedictionem,
1004 2572 1099 2633 quum
1110 2554 1176 2631 tibi,
1186 2555 1384 2618 Venerabilis

221 2646 338 2723 Frater,
361 2653 552 2727 peramanter
573 2648 773 2730 impertimur.
798 2652 913 2712 Datum
932 2656 966 2712 ta
980 2655 1058 2713 Arce
1083 2652 1261 2731 (laudulphi
1280 2655 1384 2715 Albu-

220 2749 322 2805 aeasr's
335 2747 481 2821 derasis,
497 2755 567 2819 eta,
581 2749 632 2809 die
657 2759 693 2809 au
714 2750 840 2811 octobris
863 2759 950 2826 1770,
975 2752 1169 2827 pontificatus
1187 2755 1284 2812 nostri
1298 2769 1385 2813 anau

221 2845 361 2904 sectando.

764 3092 820 3159 CX

627 3271 819 3313 vesanarum
841 3272 957 3312 aarum

360 3407 532 3468 nsnaroo
553 3405 693 3467 rosum
715 3403 897 3466 mrsooro
919 3402 1228 3494 anamunoausr

532 3547 767 3626 CLEttENS
786 3547 924 3625 'PAPA
952 3549 1055 3624 xtV.

759 3729 785 3777 lu
798 3724 1013 3789 ArcaGandulplri,
1024 3730 1054 3777 ut
1066 3725 1171 3776 octubris
1187 3729 1253 3791 1770.

236 3875 238 3882 .
262 3830 462 3904 Venerabilis,
474 3839 529 3892 ete.
541 3832 616 3891 Cum
628 3838 701 3905 tuus,
712 3829 915 3910 episcopatus,
929 3830 958 3889 in
970 3847 1062 3910 quem
1074 3837 1209 3889 recenter
1222 3830 1382 3908 ingressus

217 3946 259 4003 ns,
273 3946 363 3989 ouras
371 3926 519 4004 ejusmodi
532 3945 596 3996 esse
607 3926 775 4002 videamus,
788 3946 854 4007 quae
868 3927 999 3989 maxime
1010 3934 1095 3989 tanto
1108 3926 1250 4008 pascendi
1262 3930 1381 3995 Christi

217 4028 314 4110 gregis
323 4024 490 4089 ministerio
499 4025 691 4103 conveniant,
702 4024 897 4086 libentissime
910 4024 964 4086 tibi
976 4031 1112 4087 nostram
1124 4023 1287 4105 pontificia
1302 4045 1381 4090 auc·

220 4125 348 4188 toritatis
370 4142 471 4206 opem,
484 4141 577 4204 quam
590 4141 644 4203 per
654 4123 770 4183 litteras
781 4121 819 4182 ad
832 4122 893 4183 Nos
905 4121 1003 4200 datas,
1014 4123 1168 4202 postulas,
1179 4127 1378 4203 prestamus,

221 4228 365 4303 tuamque
374 4220 510 4303 gerenda
528 4219 686 4300 pastoralis
699 4218 920 4300 procurationis
933 4219 1093 4296 rationem,
1109 4217 1300 4299 quantumin
1317 4221 1380 4282 Du·

220 4318 302 4379 mino
317 4337 494 4399 possumus,
511 4317 726 4398 expeditiorem
744 4316 843 4377 lacere
859 4315 1051 4378 vehementer
1070 4323 1221 4397 optamus.
1242 4314 1380 4377 Proinde

220 4413 301 4494 qrrod
314 4416 412 4494 primo
422 4414 511 4496 petis,
526 4413 633 4475 iisdem
645 4414 733 4493 plane
743 4412 871 4492 permoti
883 4411 998 4489 causis,
1009 4412 1119 4492 quibus
1132 4411 1380 4492 sapientissimus

218 4510 418 4590 pr·aedeoessor
433 4518 534 4574 nostor
555 4530 597 4572 sa.
619 4529 678 4571 me.
698 4508 876 4570 ltarrediutus
895 4509 974 4586 XlV,
996 4510 1077 4589 qrrod
1092 4510 1139 4571 ille
1152 4528 1207 4590 pro
1219 4508 1294 4570 locis
1316 4509 1380 4571 loe-
