3188 5414
490 505 671 561 arenosa
689 507 733 562 nr
750 507 884 562 nnnvu
904 504 1136 564 smncrronr.
1333 517 1383 566 arr
1451 480 1453 482 ’

240 609 471 672 secundissimos
495 610 650 673 carissimo
671 611 702 673 in
716 613 832 674 Christo
853 613 914 674 filio
926 620 1029 675 nostro
1049 614 1189 695 cupimus
1203 632 1303 677 rerum
1315 636 1385 678 om-

239 707 325 768 nium
338 724 459 784 camus,
475 726 531 769 suo
545 707 657 770 celesti
676 710 815 791 prasidio
828 718 910 772 ratos
922 729 959 772 ac
971 711 1075 772 firmos
1093 729 1159 773 esso
1171 712 1243 775 velit
1259 714 1298 775 ad
1312 712 1385 776 reli-

238 805 352 885 gionis,
367 806 565 888 Ecclesiaequa
578 806 815 887 incrementum,
828 815 858 870 et
872 807 910 870 ad
920 805 1136 874 florentissima
1144 808 1245 872 Gallia
1256 810 1385 873 nationis

240 901 406 965 utilitatem.

713 1009 895 1020 -ι--ο-ο--ι

707 1127 917 1199 CCLXXVll.

501 1291 667 1337 crrrssruo
680 1268 724 1337 'rn
747 1293 878 1343 caarsro
900 1291 982 1338 rrnro
999 1291 1117 1335 uosrno

327 1396 494 1459 JOSEPHO
515 1399 556 1460 IN
575 1399 826 1462 ROMANORUM
845 1397 1128 1461 IMPERATOREM
1147 1399 1292 1460 ELECTO

545 1503 779 1615 maurus
805 1525 934 1602 euru
962 1520 1067 1600 xiv

1013 1665 1109 1732 nome,
1121 1677 1150 1722 ta
1157 1672 1218 1732 junii
1234 1677 1301 1723 1774.

278 1779 457 1848 Carissime,
480 1785 536 1838 eto.
557 1763 725 1841 Incredibili
740 1778 874 1860 prolecto
887 1778 1051 1858 tlngromus
1063 1777 1162 1840 studio
1185 1784 1219 1840 ut
1239 1797 1330 1858 quern
1344 1797 1382 1841 ex

160 1913 167 1920 -
233 1888 319 1932 more
331 1871 834 1952 institutoqucmajorumuniversis
845 1868 1087 1935 christifidelibus
1096 1873 1257 1936 indiximus
1266 1895 1381 1937 anuum

234 1959 388 2048 sanctum,
407 1984 519 2031 annum
536 1970 680 2031 nimirum
697 1969 879 2033 remissionis
890 1975 921 2032 et
933 1970 1039 2048 veniae,
1063 1969 1192 2032 eundern
1211 1972 1304 2034 Nobis
1324 1992 1380 2055 per

235 2081 388 2126 summam
402 2064 618 2142 celebritatem,
632 2065 852 2128 continentibus
864 2065 997 2147 undique
1008 2067 1038 2128 in
1054 2068 1166 2129 almam
1181 2068 1260 2130 hanc
1272 2069 1380 2132 urbem

232 2166 367 2246 populis,
388 2165 568 2246 piorumque
581 2182 708 2246 operum
730 2164 919 2226 emulatione
939 2167 1033 2227 abeo
1045 2165 1290 2248 propitiationem
1307 2186 1379 2230 cum

232 2263 372 2325 Ecclesia
382 2261 637 2343 indulgentiarum
651 2263 800 2326 thesauris
817 2263 960 2344 consequi
980 2263 1201 2344 satagentibus,
1215 2266 1381 2347 transigere

231 2357 332 2420 divina
341 2359 523 2438 benignitate
536 2359 702 2439 contingat.
715 2361 784 2434 Qua
797 2359 871 2422 dum
885 2359 986 2421 animo
1000 2359 1118 2432 assidue
1130 2378 1298 2442 versamus,
1314 2381 1379 2425 om·

230 2457 350 2538 niaque,
364 2473 432 2539 quae
443 2457 482 2520 ad
495 2454 561 2536 ejus
573 2456 718 2538 temporis
732 2456 1001 2519 sanctificationem
1015 2455 1184 2536 augendam
1195 2457 1293 2520 facere
1303 2478 1378 2540 pos,-

230 2563 298 2618 sunt
309 2557 490 2637 cogitatione
508 2556 748 2638 complectimur,
766 2553 918 2636 praecipue
935 2553 974 2616 ad
994 2553 1250 2633 Angustissimam
1263 2557 1377 2636 Majes-

229 2658 322 2714 tatem
337 2655 434 2716 Tuam
444 2660 578 2715 mentem
593 2660 729 2715 nostram
744 2651 959 2728 convertimus,
973 2650 1109 2730 votisque
1129 2651 1268 2714 omnibus
1280 2659 1311 2715 ta
1322 2673 1378 2716 ca·

228 2748 378 2810 rissimum
390 2749 421 2810 in
435 2749 551 2811 Christo
569 2748 666 2811 filium
682 2754 821 2811 nostrum
836 2754 866 2806 te
878 2747 1049 2826 Principem
1066 2745 1224 2808 catholicae
1236 2750 1376 2813 Ecclesiae

229 2852 391 2925 patronum
409 2863 444 2907 ac
464 2841 654 2907 defensorem
677 2844 715 2906 ad
735 2847 796 2905 Nos
819 2842 978 2919 accedere,
1000 2849 1090 2922 atque
1109 2843 1148 2904 ad
1166 2850 1303 2907 nostrum
1318 2866 1376 2927 pa-

228 2950 347 3004 ternum
360 2943 551 3024 complexum
571 2942 671 3003 venire
686 2947 875 3021 exoptamus.
893 2939 981 3002 Nulla
1000 2957 1134 3020 unquam
1154 2940 1185 3002 in
1206 2941 1267 3003 vita
1283 2944 1376 3006 Nobis

227 3045 312 3100 tanta
323 3037 640 3118 acciderejucunditas
648 3042 758 3120 potest,
769 3036 851 3098 nulla
861 3054 909 3098 res
920 3036 996 3098 adeo
1008 3036 1156 3099 illustrare
1165 3036 1375 3118 pontificatum

227 3137 307 3199 hunc
321 3144 470 3216 nostrum,
485 3155 579 3218 quam
589 3143 660 3198 tuus
678 3136 746 3213 iste,
758 3151 849 3216 quem
861 3135 964 3196 animo
976 3136 1167 3217 precipimus
1179 3137 1373 3218 animemus,

226 3236 311 3314 cujus
329 3235 421 3298 Nobis
438 3235 569 3317 speciem
589 3251 708 3296 summa
723 3234 876 3315 voluptate
892 3233 1091 3315 proponimus
1111 3234 1267 3298 adventus.
1283 3239 1374 3302 Post-

225 3347 317 3408 quam
326 3331 427 3412 itaque
442 3350 495 3412 per
507 3331 581 3394 alias
594 3337 712 3393 nostras
724 3330 781 3391 sub
792 3329 917 3410 plumbo
931 3329 1047 3393 litteras
1063 3331 1102 3393 ad
1113 3349 1218 3395 omnes
1229 3334 1373 3398 christifi-

226 3425 306 3486 deles
318 3427 415 3504 datns,
429 3428 647 3509 promulgatas,
666 3434 697 3489 et
710 3426 822 3508 publici
837 3427 914 3505 juris
934 3426 1031 3490 lactas
1050 3427 1172 3490 eosdem
1187 3428 1227 3491 ad
1243 3433 1371 3511 proximi

226 3523 296 3583 unni
320 3524 470 3586 millesimi
494 3523 749 3605 septingentesimi
777 3523 990 3604 septuagesimi
1017 3525 1114 3605 quinti
1139 3526 1372 3591 celebrationem

226 3618 433 3696 invitavimus,
452 3621 619 3701 peculiares
636 3621 726 3682 hasce
746 3619 777 3681 in
798 3620 897 3681 forma
909 3619 1013 3681 Brevis
1034 3621 1071 3683 ad
1098 3628 1145 3701 te,
1167 3623 1320 3686 carissime
1340 3625 1371 3688 in

224 3719 339 3781 Christo
360 3720 402 3781 fili
415 3727 528 3796 noster,
541 3717 648 3780 damus
658 3718 786 3804 litteras,
797 3716 907 3796 quibus
921 3715 952 3776 iu
958 3716 1114 3797 singulare
1131 3721 1247 3799 paterni
1260 3722 1371 3785 amoris

224 3801 428 3879 testimonium
441 3824 470 3877 te
483 3814 663 3879 nominatim
680 3804 857 3891 invitamus,
871 3820 904 3876 ut
925 3815 981 3877 etsi
994 3821 1082 3877 antea
1102 3817 1369 3900 etiam,quod1‘u-

223 3914 404 3977 cundissime
420 3914 615 3978 recordamur
627 3914 664 3976 ad
676 3913 847 3998 principum
860 3914 1066 3995 apostolorum
1078 3915 1183 3980 limina
1196 3920 1367 3998 accesseris,

223 4029 259 4070 ac
277 4011 408 4092 ingentia
422 4021 473 4098 tot
486 4012 743 4095 predecessorum
763 4019 886 4075 tuorum
900 4013 932 4074 in
949 4013 1006 4076 illis
1018 4015 1181 4097 conspicua
1194 4016 1314 4096 pietatis
1331 4035 1367 4086 ao

222 4108 502 4188 religionisdecora,
513 4111 712 4188 liberalitatis,
723 4111 938 4189 beneticentioe,
948 4112 1089 4193 etgloriae
1097 4119 1295 4175 monumenta
1306 4131 1367 4175 non

221 4204 284 4266 sine
295 4225 415 4270 summa
429 4209 520 4271 animi
535 4209 579 4271 tui
597 4210 750 4290 voluptate
761 4207 963 4289 conspexeris,
979 4216 1079 4271 tamen
1091 4209 1200 4270 iterum
1212 4209 1271 4271 bac
1282 4210 1368 4290 spiri-

219 4306 308 4367 tualis
321 4307 391 4368 boni
410 4309 633 4390 opportunitate
640 4309 707 4371 buc
718 4317 748 4372 te
761 4308 909 4386 conteras,
923 4327 958 4370 ac
973 4327 1074 4372 sacras
1085 4307 1286 4387 indulgentias
1295 4309 1366 4370 ube

217 4401 289 4463 riori
300 4421 393 4483 quam
408 4422 542 4485 unquam
560 4413 630 4468 ante
647 4407 710 4470 boc
718 4414 837 4488 tempus
854 4405 944 4487 copia
957 4407 1157 4488 consequaris
1171 4406 1291 4487 Optime
1308 4426 1364 4488 pro
1444 4408 1447 4413 ’

218 4520 272 4562 sun
284 4503 429 4587 sapientia
444 4504 605 4585 intelligere
616 4507 756 4586 Majestns
768 4509 833 4568 Tua
842 4513 951 4587 potest,
965 4513 1078 4592 quanto
1089 4508 1151 4587 ipsa
1164 4505 1308 4570 adventus
1320 4507 1363 4568 tui
