3188 5414
480 448 663 529 arvsrbxn
681 477 727 533 nr
746 478 882 539 naevia
902 479 1135 534 sauacrvoaa.
1276 466 1294 487 ⁸
1351 487 1382 537 n

236 578 474 639 benedictionem
487 580 558 656 vibi,
573 580 680 641 dilecte
698 581 756 658 nti,
769 582 887 662 tuisque
904 583 1047 645 iratribus
1064 591 1255 664 peramanter
1270 586 1385 667 imper-

236 674 338 735 timur.
355 678 469 736 Datum
485 679 594 753 Rome,
619 687 689 754 etc,
711 681 938 758 discrepasti
960 692 1045 759 1769,
1069 685 1261 760 pontificatus
1287 689 1385 746 nostri

236 791 314 833 anno
327 790 439 851 primo.

719 872 901 884 ——-—--—-ae

758 919 850 1013 -xrx'i
940 962 964 1007 .·
1013 934 1042 947 ’·

680 1067 821 1142 eraseris
841 1063 939 1142 amns

231 1162 233 1167 ’
344 1201 513 1262 sacrorn
534 1203 583 1263 ar
603 1204 882 1265 umvxasrraxr
902 1205 1035 1266 srunn
1056 1173 1271 1268 amramis

639 1328 750 1377 OPPIDI
775 1328 982 1378 tovtNIEltcls
1009 1333 1012 1339 '

545 1430 779 1522 cranaus
806 1432 934 1543 aava
962 1432 1082 1540 xiv.)

947 1628 951 1633 -
1012 1595 1110 1653 Roma,
1122 1591 1239 1661 caugusti
1253 1596 1321 1643 1769.
1381 1568 1386 1581 ’

273 1687 396 1760 Dilecti,
411 1697 469 1750 etc.
491 1691 633 1752 Vestrum
650 1690 858 1770 gratulationis
879 1690 1013 1753 officium
1032 1689 1204 1755 decollata
1218 1688 1311 1755 Nobis
1333 1686 1385 1779 di

233 1785 343 1848 vinitas
369 1786 524 1868 pontificia
544 1789 689 1869 dignitate
711 1807 766 1870 per
792 1788 909 1852 litteras
935 1789 1154 1865 observantia,
1182 1787 1322 1871 pietatis,
1347 1807 1384 1850 ac

233 1884 303 1945 fidei
322 1885 353 1947 in
376 1887 573 1966 apostolicam
597 1888 677 1950 hanc
704 1887 806 1950 sedem
827 1886 1015 1969 plenissimas
1035 1888 1202 1951 luculenter
1226 1893 1384 1968 peractum

233 1981 322 2042 nobis
339 1982 559 2062 gratissimum,
574 1991 605 2046 et
623 1984 707 2066 quod
725 2004 763 2048 cx
787 1985 889 2047 animo
910 1984 1030 2047 fieri-ac
1050 2004 1068 2046 a
1091 1985 1176 2046 vobis
1189 1989 1384 2065 perspectum

233 2077 410 2151 habeamus,
424 2084 455 2140 et
464 2080 547 2159 quod
559 2080 598 2142 ad
609 2086 744 2166 nostram
762 2080 958 2147 muniendam
972 2079 1210 2143 imbecillitatem
1223 2086 1290 2142 tum
1300 2081 1384 2159 gravi

233 2173 399 2237 ministerio
420 2175 508 2256 plane
531 2176 678 2257 imparem
702 2193 806 2258 preces
830 2175 868 2238 ad
890 2175 1167 2241 misericordiarum
1182 2177 1307 2239 Patrem
1326 2176 1384 2242 ad-

228 2272 397 2350 junxeritis,
413 2274 514 2352 'neque
527 2290 579 2335 eas
594 2292 651 2354 pro
667 2278 767 2335 vestro
785 2273 816 2335 iu
829 2275 892 2338 Nos
905 2273 1049 2354 singulari
1067 2273 1167 2337 studio
1177 2320 1185 2351 ,
1196 2273 1278 2354 quod
1290 2273 1384 2357 vehe-¹

231 2374 348 2430 menter
358 2369 490 2450 petimus
503 2387 639 2450 unquam
652 2369 848 2432 intermissuri
862 2370 938 2432 sitis.
955 2369 1032 2433 lllud
1045 2390 1136 2452 porro
1149 2370 1333 2434 humanitati
1347 2391 1384 2445 ao

231 2467 335 2546 pietati
346 2474 451 2531 vestrae
464 2467 642 2546 tribuimus,
660 2467 743 2550 quod
756 2467 794 2531 de
810 2468 904 2530 Nobis
915 2474 981 2530 tam
996 2470 1095 2550 ample
1113 2470 1318 2552 benevoleque
1330 2472 1384 2552 ju—

231 2564 350 2645 dicetis,
364 2585 400 2629 ac
414 2565 611 2629 libentissime
627 2565 795 2648 excipimus
813 2572 912 2628 vestra
928 2565 967 2628 da
982 2566 1076 2628 Nobis
1090 2573 1161 2629 vota
1178 2573 1269 2648 atque
1285 2569 1384 2651 auspi·
1401 2634 1405 2638 Α

232 2663 295 2740 eia,
310 2683 377 2744 quae
390 2671 424 2727 ut
435 2671 502 2727 rata
514 2664 574 2727 sint
589 2684 608 2726 a
624 2665 676 2726 Dei
688 2665 800 2746 Optimi
820 2663 944 2727 Maximi
961 2664 1145 2743 benignitate
1163 2664 1321 2729 dumtaxat
1337 2674 1383 2752 est

230 2769 260 2822 et
271 2762 486 2842 postulandum
497 2768 526 2823 et
539 2759 771 2842 expectandum.
785 2760 872 2835 Quod
883 2778 955 2823 vero
972 2760 1009 2822 de
1023 2767 1128 2823 nostra
1144 2761 1174 2820 in
1188 2761 1319 2841 optimas
1330 2781 1383 2824 ar-

231 2866 276 2920 tes
304 2878 341 2920 ae
368 2860 516 2920 litteratos
539 2857 619 2917 viros
642 2856 852 2919 benevolentia
883 2863 973 2935 atque
1000 2874 1104 2917 amore
1128 2856 1261 2934 sentitis,
1288 2857 1319 2918 id
1341 2859 1382 2921 ita

231 2974 335 3015 verum
347 2973 413 3016 esse
429 2953 613 3029 existimate,
627 2959 661 3013 ut
678 2954 706 3012 in
721 2953 820 3013 nullos
834 2953 941 3029 majori
957 2954 1049 3013 animi
1069 2954 1162 3014 nostri
1183 2954 1382 3034 propensione

231 3051 374 3130 feramur,
389 3071 482 3133 quam
501 3051 552 3132 qui
569 3050 679 3131 ingenii
699 3049 744 3111 sui
767 3056 895 3111 conatus
908 3068 1013 3111 omnes
1029 3049 1067 3111 ad
1088 3050 1285 3113 sanctissimae
1299 3052 1383 3114 Reli-

228 3151 326 3230 gionis
341 3151 578 3213 incolumitatem
590 3168 626 3209 ac
640 3149 860 3212 incrementum
874 3153 1096 3208 converterunt.
1111 3147 1142 3208 ld
1153 3166 1206 3210 vos
1217 3167 1288 3210 cum
1299 3169 1383 3230 egre-

228 3251 275 3328 gie
293 3257 453 3331 praestare,¹
462 3267 498 3310 ac
509 3247 667 3329 pristinam
680 3245 761 3306 illam
775 3243 976 3306 universitatis
997 3251 1105 3306 vestrae
1117 3244 1147 3305 in
1159 3246 1381 3310 benemerendo

214 3349 265 3412 ‘de
287 3347 428 3423 ecclesia,
453 3364 488 3408 ac
502 3345 541 3408 de
560 3344 726 3426 apostolica
740 3343 799 3405 hac
821 3341 892 3407 sede
915 3342 991 3404 tucri
1012 3339 1138 3422 gloriam
1159 3343 1379 3424 intelligamus,

229 3446 397 3526 perspicere
412 3444 499 3508 facilc
512 3443 636 3527 potestis
657 3449 818 3524 paternam
835 3448 972 3506 nostram
988 3442 1019 3503 in
1036 3460 1091 3505 vos
1104 3442 1380 3524 caritatemparem

229 3561 292 3604 esse
304 3544 343 3621 ei,
357 3563 449 3625 quam
461 3544 498 3606 de
509 3543 624 3605 meritis
634 3541 739 3629 vestris
749 3541 909 3621 habemus,
922 3537 1247 3621 existimationi‚quam
1256 3541 1380 3623 quidem

229 3641 393 3703 maximam
408 3660 472 3704 esse
485 3648 516 3704 et
528 3639 744 3722 amplissimam
758 3640 948 3721 profitemur.
971 3638 1058 3718 Agite
1074 3638 1175 3719 igitur,
1189 3638 1289 3701 dilecti
1309 3640 1378 3718 tilii,

228 3757 343 3800 morem
357 3739 438 3801 bunc
451 3739 584 3802 vestrum
593 3739 730 3816 retinete,
740 3736 890 3818 novisque
900 3746 1027 3817 semper.
1036 3736 1200 3814 laboribus,
1214 3742 1245 3798 et
1259 3738 1379 3800 laudem

228 3841 375 3914 vestram,
396 3842 426 3897 et
446 3842 580 3898 nostram
601 3835 631 3895 in
653 3852 707 3895 vos
727 3832 967 3895 benevolentiam
987 3831 1178 3912 amplificata.
1201 3834 1263 3895 Nos
1287 3852 1377 3910 sane,

226 3926 419 4012 quantumin
436 3930 529 3994 Nobis
543 3930 616 4017 erit,
638 3929 913 4016 expromendarum
934 3927 1067 4007 ejusdem
1082 3929 1112 3990 in
1129 3949 1182 3991 vos
1197 3930 1378 3992 immolatis-

227 4027 301 4089 sime
316 4029 476 4109 fructuum·
487 4027 704 4109 opportunitati
717 4027 846 4089 delaturi
858 4045 918 4088 non
933 4016 1057 4105 sumus‚'
1067 4043 1164 4107 nequa
1175 4027 1299 4088 inanem·
1309 4046 1377 4090 ves-

229 4125 349 4188 tramde
362 4131 488 4207 paterna
502 4133 606 4189 nostra
618 4127 802 4209 benignitate
815 4121 959 4190 fiduciam
975 4146 1109 4208 unquam
1118 4125 1274 4189 reddituri.
1286 4128 1335 4190 Ac·
1346 4122 1377 4190 iir

226 4221 316 4300 hujus
325 4220 431 4304 prolixi
440 4222 470 4286 in
482 4242 535 4286 vos
545 4223 636 4286 animi
646 4225 754 4306 pignus
767 4212 963 4307 apostolicam
970 4215 1211 4286 benedictionem
1220 4220 1316 4302 vobis,
1327 4225 1376 4287 dis

226 4317 297 4380 lecti
307 4319 372 4396 lilii,
392 4339 427 4383 ac
442 4321 644 4384 celeberrimae
657 4322 844 4387 universitati
855 4328 1158 4404 vestra-peramanter
1172 4322 1376 4404 impertimur.»

228 4420 474 4502 deieratione,
492 4427 560 4503 eta,
580 4425 738 4502 caugusti
755 4429 842 4497 trae,
855 4417 1050 4500 pontificatus
1064 4425 1252 4483 austriacas
1264 4415 1373 4501 parnei

1253 4595 1269 4644 2
