3188 5414
919 279 931 332 t

470 520 651 576 EPISTOLAE
671 522 715 576 ET
734 520 865 576 anatra
884 520 1116 576 SELECTIORA.
1316 511 1368 574 sni

218 624 342 685 siunarii
357 623 468 685 ordinis
486 625 672 688 carmelitani
686 627 737 706 qui
760 628 789 686 iu
804 628 847 687 tui
865 626 947 706 regni
960 625 1097 706 partibus
1111 621 1240 704 degunt,
1256 629 1369 705 turaque

220 721 347 800 insignia
359 721 523 801 prasertim
537 722 568 784 in
581 743 614 785 se
630 725 740 786 cassuta
760 723 908 786 beneficia
923 723 1042 786 assidua
1054 722 1216 802 predicent
1236 745 1242 783 :
1258 739 1368 802 magna

220 817 333 879 idcirco
353 824 399 880 est
419 826 473 880 tuo
493 820 607 883 nomini
626 821 746 902 tuisque
762 822 922 883 viantibus
940 818 970 881 iu
989 819 1037 880 bis
1053 821 1180 899 Europa
1198 817 1369 897 regionibus

219 914 381 977 conciliata
405 914 579 994 celebritas,
603 917 718 998 tibique
745 916 865 997 plurimi
887 918 1011 996 plausus
1036 915 1202 977 multorum
1230 930 1369 975 sermone

220 1011 328 1074 merito
354 1010 538 1075 tribuuntur.
564 1015 622 1076 Sed
642 1015 786 1096 qnoniam
809 1015 857 1077 hae
883 1015 1048 1094 singulares
1061 1021 1119 1075 tuae
1134 1013 1239 1088 dotes,
1257 1019 1370 1094 tuaque

220 1127 340 1170 summa
352 1129 424 1190 erga
445 1111 649 1175 missionarios
663 1111 835 1175 hnmanitas
853 1114 914 1174 Nos
927 1109 1117 1192 potissimum
1136 1108 1305 1188 astringunt
1317 1111 1370 1189 qui

220 1205 355 1286 religioni
377 1205 548 1270 christianae
568 1209 779 1290 praesidemus,
803 1215 834 1269 et
860 1223 991 1288 quorum
1015 1205 1138 1267 nomine
1163 1222 1198 1265 ac
1224 1204 1371 1266 mandato

221 1301 310 1362 iidem
320 1302 500 1364 missionarii
515 1304 603 1366 isthic
611 1305 1088 1383 versantur‚Nosproptereatuas
1099 1299 1215 1377 laudes,
1226 1305 1370 1380 tuamque
1488 1317 1497 1330 ·

220 1399 412 1461 clementiam
426 1407 617 1481 summopere
632 1399 799 1478 afferimus,
812 1406 843 1460 et
857 1405 910 1469 tua
922 1398 954 1460 in
966 1397 1032 1458 illos
1044 1394 1200 1472 beneficia,
1216 1412 1251 1455 ac
1263 1395 1370 1456 merita

220 1502 364 1575 tanquam
374 1495 466 1558 Nobis
480 1496 552 1577 ipsis
563 1496 695 1577 praestita
705 1496 897 1573 arbitramur,
908 1501 939 1556 et
946 1494 1135 1577 profitemur.
1147 1495 1243 1568 Quam
1254 1494 1295 1555 ob
1304 1511 1370 1555 rem

220 1592 275 1655 has
293 1600 412 1664 nostras
426 1594 540 1656 litteras
554 1594 594 1657 ad
609 1594 724 1656 tedere
738 1591 897 1670 voluimus,
908 1599 943 1655 ut
954 1593 1010 1654 hos
1024 1592 1104 1673 ipsos
1122 1598 1241 1653 nostros
1254 1590 1371 1671 plenis-

220 1691 312 1753 simos
334 1700 393 1754 tua
404 1681 633 1755 arlstinrationis
645 1711 681 1754 ac
694 1691 792 1754 laudis
809 1709 914 1754 sensus
930 1690 985 1752 tibi
995 1689 1191 1769 aperiremus,
1204 1695 1295 1768 atque
1307 1705 1370 1748 una

219 1787 424 1867 gratissimum
443 1789 497 1850 tibi
517 1795 654 1855 nostrum
674 1789 809 1850 animum
834 1794 1026 1863 testarentur,
1042 1794 1074 1847 et
1089 1786 1196 1847 saltem
1209 1784 1372 1847 reddendis

144 1893 147 1898 ’
220 1882 276 1944 tibi
296 1883 398 1964 gratiae
413 1883 595 1949 desiderium
613 1883 819 1964 probaremus.
843 1885 902 1965 lpsi
920 1883 1014 1945 nostri
1028 1881 1208 1944 missionarii
1226 1882 1281 1943 tibi
1299 1884 1372 1962 plu-

222 1979 305 2040 ribus
321 1980 533 2060 significabunt
557 1979 635 2042 banc
655 1978 920 2060 propensissimam
937 1986 1073 2040 nostram
1089 1986 1207 2058 turaque
1222 1977 1371 2040 felicitatis

221 2075 449 2156 cupidissimam
466 2077 663 2138 voluntatem.
677 2076 800 2138 Interim
817 2093 836 2136 a
853 2081 883 2136 te
898 2093 1081 2155 magnopere
1096 2075 1242 2156 petimus,
1259 2081 1293 2136 ut
1314 2075 1372 2136 has

141 2171 143 2175 ’
224 2182 293 2235 tuas
304 2172 407 2235 laudes
422 2159 512 2254 atque
525 2173 589 2235 haec
605 2178 658 2235 tua
676 2173 707 2234 in
720 2172 782 2235 Nos
795 2170 905 2236 merita
916 2172 1117 2235 cumulatiora
1131 2172 1163 2233 in
1180 2172 1244 2233 dies
1265 2171 1378 2250 fascias,¹

222 2276 252 2330 et
267 2269 472 2332 missionarios
483 2278 602 2332 nostros
613 2275 770 2350 tamquam
782 2269 909 2351 pignora
919 2268 1041 2333 sincera
1053 2288 1088 2332 aa
1097 2278 1209 2332 mutua
1219 2276 1297 2332 inter
1310 2272 1372 2333 Nos

224 2366 363 2430 amicitia
374 2367 485 2429 usitata
497 2366 721 2443 benevolentia,
733 2385 769 2428 ac
789 2366 955 2447 patrocinio
967 2374 1020 2430 tuo
1030 2385 1225 2448 prosequare.
1237 2369 1303 2430 Hoc
1316 2368 1375 2430 tibi·-

223 2465 260 2529 de
276 2465 333 2527 illis
346 2465 481 2545 recipere
494 2482 530 2526 ac
539 2464 671 2545 polliceri
682 2471 762 2527 certe
780 2481 951 2544 possumus,
966 2464 1121 2527 neminem
1135 2465 1190 2526 tibi
1205 2464 1376 2528 fidelioremr

223 2571 313 2643 atque
328 2561 523 2624 addictiorem
536 2580 629 2642 qnam
648 2561 689 2623 illi
708 2560 767 2646 sint
778 2568 809 2624 et
821 2561 859 2623 ad
871 2561 1015 2644 obsequia
1033 2569 1087 2625 tua
1097 2563 1281 2644 paratiorem
1294 2562 1368 2624 lore.

224 2661 288 2722 Hoc
309 2658 389 2720 enim
410 2664 440 2720 et
463 2657 501 2740 ab
521 2657 586 2738 ipsa
600 2659 664 2737 lege
678 2676 770 2739 quam
788 2657 980 2738 profitentur,
996 2665 1028 2721 et
1051 2678 1069 2720 a
1091 2659 1184 2723 Nobis
1204 2661 1375 2722 arctissima

224 2757 281 2818 illis
306 2756 467 2819 mandatur
481 2755 766 2837 atque-injungitur.
782 2757 827 2816 Ac
848 2753 974 2836 proinde
997 2756 1055 2817 hac
1076 2756 1169 2817 etiam
1187 2775 1280 2818 causa
1297 2759 1370 2836 legis

224 2854 393 2916 eluistiana
406 2853 655 2929 incolumitatem,
670 2859 701 2913 et
713 2851 850 2930 eiusdem
864 2868 1017 2931 praecones
1028 2851 1233 2914 missionarios
1251 2861 1379 2916 nostros·

227 2949 281 3012 tibi
299 2949 608 3019 commendatissimos
631 2948 749 3013 futuros
763 2947 954 3011 confidimus.
975 2951 1103 3011 Domum
1120 2952 1215 3011 Deum
1229 2951 1378 3031 omnipo„

226 3054 340 3109 tentem
354 3047 547 3110 obsecramus
563 3054 597 3108 ut
615 3065 791 3128 prosperam
810 3064 847 3108 ac
866 3045 1041 3108 diuturnam
1064 3046 1169 3122 vitam,
1184 3054 1215 3109 et
1234 3049 1370 3110 omnium

226 3147 377 3210 bonorum
395 3145 580 3209 incrementa
596 3146 667 3223 tibi,
686 3145 826 3223 Illustris‚
837 3153 869 3207 et
882 3145 1090 3209 Potentissime
1101 3149 1180 3224 Rex,
1192 3147 1287 3209 alluse
1307 3149 1381 3214 lar--

225 3247 335 3325 giatur.
357 3249 390 3310 ln
409 3246 514 3328 primis
534 3264 606 3309 vero
628 3263 688 3307 sua
709 3244 811 3324 gratia
834 3243 968 3306 subsidio
991 3244 1137 3307 concedat
1158 3251 1191 3307 ut
1212 3262 1266 3326 per
1292 3246 1381 3325 agri--

227 3341 340 3404 tionem
357 3343 489 3405 veritatis
507 3342 547 3406 ad
566 3360 671 3405 reram
688 3347 867 3422 perpetuam
884 3340 1056 3404 felicitatem
1072 3341 1240 3423 pervenias.
1258 3344 1370 3403 Datum
1427 3338 1432 3350 '

227 3442 342 3510 llantur,¹
357 3443 439 3519 apud
450 3444 594 3505 &mium
609 3445 742 3504 Mariam
756 3443 913 3518 Mcjorem,
927 3444 1116 3504 rubricante
1133 3445 1309 3514 Piaculum,
1322 3443 1372 3504 dte

229 3540 328 3614 rjulit
350 3550 435 3608 trit,
453 3543 644 3617 pontificatus
667 3543 768 3601 nostri
787 3556 868 3600 anuo
882 3547 980 3626 sexto

710 3652 766 3659 ..-.
769 3651 890 3659 --—--—

695 3754 892 3824 cclxxix.

457 3902 675 3951 arracrrssruo
697 3903 729 3945 ru
753 3903 884 3944 cunrsro
907 3887 1132 3943 rrsro'nosrno

569 3991 839 4053 naxrnrmrno
861 3965 1030 4050 insarno

380 4098 541 4146 BAVARIAE
562 4099 663 4157 DUOl,
686 4097 710 4143 S.
731 4099 760 4145 R.
784 4099 804 4144 l.
828 4096 995 4149 PRINCIPI
1018 4096 1216 4178 ELECTORl‚

535 4179 768 4273 CLEMENS
797 4195 923 4271 PAPA
952 4193 1058 4271 XIV.

385 4377 388 4385 Α
1019 4338 1114 4395 Roman,
1130 4341 1159 4383 tn
1171 4332 1226 4395 juill
1241 4335 1308 4382 llll.
1380 4357 1383 4364 ·

212 4469 214 4474 ,
267 4425 490 4493 bilaritatem,
509 4430 568 4485 etc.
590 4425 703 4486 Iterum
723 4425 836 4491 litteras
851 4420 1118 4504 tuasaccepimns,
1133 4419 1382 4483 dilectissimein·

225 4520 340 4583 Cluisto
362 4520 402 4582 tili
421 4527 533 4598 noster,
549 4520 579 4582 in
593 4521 702 4601 quibus
715 4541 732 4582 a
743 4520 836 4581 Nobis
846 4521 1038 4582 rebernenter
1052 4514 1229 4600 postulasti,
1243 4524 1276 4582 ut
1287 4528 1384 4578 cons‘
