3188 5414
472 510 652 567 EPlSTOLAE
671 513 716 567 ET
734 512 868 568 BREVlA
887 512 1119 571 SELECTIORA.
1157 548 1161 558 ι
1316 509 1369 570 953

224 616 336 679 idcirco
349 613 529 696 perlibenter
545 616 737 700 excepimus,
754 635 825 679 cum
839 617 1111 680 luculentissimum
1133 625 1269 694 nostrum
1283 619 1321 682 de
1340 628 1370 682 te

221 713 338 794 jamdiu
344 711 464 774 lactum
475 713 753 796 amplissimumque
760 716 908 795 iudicium
920 711 1139 796 jucundissima
1150 716 1296 777 virtutum
1305 723 1370 779 tua-

222 831 292 875 rum
305 812 514 875 recordatione
529 814 729 876 confirmavit.
742 815 804 877 Etsi
819 815 899 877 enim
917 815 1009 878 Nobis
1024 816 1054 878 in
1071 814 1217 877 memoria
1229 815 1370 877 insederit

222 909 320 973 omnis
337 929 416 973 verae
435 911 594 992 solidaque
610 913 707 974 laudis
722 913 850 994 speeies,
871 933 964 994 quam
981 915 1098 977 elucere
1119 914 1149 976 in
1168 920 1198 976 te
1216 913 1368 990 videmus,

162 1075 166 1079 ,
220 1016 312 1091 atque
327 1028 365 1071 ex
378 1027 516 1071 sermone
527 1016 581 1071 tuo
591 1028 695 1071 coram
713 1009 887 1087 hausimus,
903 1017 1004 1071 tamen
1021 1010 1087 1090 ipso
1101 1008 1234 1071 muneris
1246 1019 1369 1091 aspectu
1416 1033 1418 1039 ·

219 1108 316 1190 pietas
323 1155 334 1186 ,
355 1107 518 1189 sapientia,
537 1126 573 1169 ao
589 1106 821 1189 propensissime
834 1114 887 1168 tua
906 1106 938 1169 iu
955 1126 1003 1170 res
1013 1107 1145 1185 divinas,
1159 1114 1248 1188 atque
1267 1108 1298 1169 in
1310 1111 1370 1170 Ec-

220 1205 343 1268 clesiam
358 1205 497 1274 uoluntas
517 1205 610 1266 menti
626 1212 735 1267 nostra
747 1205 938 1287 potissimum
951 1212 997 1266 est
1017 1205 1187 1266 obversata.
1204 1207 1248 1265 Ex
1261 1205 1370 1284 hujus-

219 1302 307 1365 modi
314 1300 475 1382 gratissimi
489 1301 580 1365 animi
587 1302 682 1364 nostri
697 1301 962 1382 significationibus
973 1301 1060 1364 facile
1069 1300 1264 1380 existimabis,
1275 1321 1369 1382 quan-

220 1411 324 1484 topere
343 1401 479 1464 obstricti
496 1400 605 1464 eximia
622 1407 745 1463 tuorum
759 1400 790 1461 in
803 1392 871 1462 Nos
882 1398 1058 1462 meritorum
1075 1397 1245 1460 accessione
1258 1398 1367 1474 simus,

219 1507 250 1562 et
269 1505 383 1580 quanta
396 1498 623 1561 existimationis
642 1518 678 1561 ac
691 1497 852 1560 Pontificiae
865 1496 998 1559 caritatis
1016 1495 1222 1576 magnitudine
1238 1504 1268 1558 te
1281 1504 1312 1558 et
1329 1498 1369 1558 ob

218 1596 383 1680 proprias,
394 1616 429 1659 ac
443 1597 608 1678 singulares
621 1603 707 1674 tuas,
727 1603 758 1657 et
773 1596 814 1657 ob
828 1613 1005 1680 communes
1026 1593 1160 1656 Saxoniae
1180 1612 1217 1655 ac
1237 1594 1369 1656 Bavaria

218 1696 332 1755 hornus
342 1692 446 1755 laudes
456 1709 685 1774 prosequamur.
696 1694 824 1753 Demum
838 1691 869 1753 in
881 1689 1066 1753 manifestius
1076 1696 1207 1770 paterna
1218 1688 1249 1750 in
1267 1694 1299 1750 te
1312 1707 1370 1750 vo-

219 1790 343 1852 luntatis
360 1796 571 1869 argumentum
585 1788 749 1851 coelestium
760 1787 976 1849 beneficiorum
988 1786 1142 1867 auspicem
1153 1785 1222 1863 tibi,
1235 1784 1370 1847 dilectis-

219 1886 297 1947 sima
309 1886 341 1948 in
352 1887 468 1948 Christo
484 1875 546 1948 lilia
562 1890 681 1962 nostra,
696 1883 893 1964 apostolicam
910 1883 1151 1946 benedictionem
1164 1881 1370 1944 amantissime

219 1983 419 2062 impertimur.
435 1985 550 2044 Datum
562 1985 663 2044 acme
673 1982 756 2059 opud
764 1981 908 2042 Macram
920 1965 1050 2043 Mariam
1063 1984 1218 2058 MoJ'orem,
1229 1982 1284 2042 aab
1299 1982 1369 2042 Aa·

219 2082 293 2142 arlo
306 2068 488 2150 Phocionis,
505 2082 554 2142 die
569 2091 587 2142 5
593 2081 681 2158 junii
698 2088 772 2140 1773
780 2122 790 2155 ,
806 2081 996 2157 pontificatus
1007 2085 1101 2144 coum
1110 2100 1189 2143 acco
1202 2085 1319 2160 quinto.

701 2203 884 2216 t*

706 2312 875 2383 CCXXlV.

674 2469 807 2513 nisacro
829 2469 929 2522 raam¹

247 2574 362 2636 BEDAE
381 2576 521 2638 Annam
542 2576 782 2639 MONASTERII
802 2577 960 2638 ORDINIS
981 2576 1118 2637 SANCTI
1138 2575 1342 2636 BENEDICTI

557 2696 592 2746 IN
608 2697 755 2746 clvlrarn
771 2695 1027 2755 santsssunorttst,

527 2800 762 2882 CLEMENS
789 2805 918 2880 PAPA
944 2801 1050 2879 XIV.
1102 2842 1104 2845 ·

1014 2941 1110 3009 Romae,
1120 2956 1135 3000 9
1144 2949 1205 3012 junii
1222 2954 1287 2998 1773.

259 3055 380 3115 Dilecto
395 3056 462 3136 fili,
479 3061 539 3114 etc.
559 3044 739 3135 Accepimus
756 3055 871 3118 litteras
887 3061 955 3116 tuas
973 3055 1111 3136 pietatis,
1127 3073 1163 3116 ao
1175 3054 1368 3116 observantia

218 3152 288 3231 erga
298 3153 359 3213 Nos
371 3157 461 3232 atque
474 3151 671 3233 apostolicam
682 3151 761 3215 hanc
772 3153 880 3215 Sedem
893 3154 1096 3235 plenissimas,
1108 3172 1226 3234 unaque
1237 3152 1369 3214 novissi-

218 3268 303 3311 mum
319 3248 485 3313 chronicon
510 3240 624 3331 antiqui
646 3234 820 3315 monasterii
840 3253 880 3315 ad
901 3255 1046 3318 Sanctum
1064 3255 1188 3316 Petrrun
1206 3249 1369 3330 salisburgi

217 3347 299 3426 quod
322 3365 385 3427 quo
409 3348 511 3410 animo
536 3355 710 3430 quantaque
731 3360 866 3421 vestrum
886 3352 1107 3414 existimatione
1129 3351 1367 3432 excepissemus,

218 3461 255 3504 ex
278 3442 315 3504 iis
336 3443 424 3506 facile
446 3445 574 3526 potestis
596 3465 795 3527 cognoscere,
821 3469 887 3530 qua
909 3451 961 3532 qui
987 3451 1116 3513 reddidit
1139 3452 1265 3514 dilectus
1288 3452 1369 3514 filius

219 3540 322 3601 Abbas
343 3542 528 3622 Augustinus
551 3553 720 3625 nostraque
743 3547 783 3608 de
807 3549 892 3610 vobis
914 3536 1076 3612 voluntatis
1103 3549 1370 3630 significationibus
1488 3621 1491 3629 ¹

219 3636 331 3715 adluit,
350 3636 506 3719 diligenter
527 3640 565 3702 ad
584 3643 647 3704 Nos
666 3643 882 3724 perscripserit.
899 3646 999 3708 Nihilo
1013 3654 1115 3708 tamen
1133 3648 1233 3709 minus
1250 3652 1369 3708 nostras

219 3736 275 3798 has
297 3737 336 3798 ad
362 3743 393 3799 te
413 3743 544 3818 patema
562 3740 696 3803 caritatis
722 3748 814 3803 testes
835 3741 1025 3822 adjungimus
1048 3743 1179 3821 litteras,
1204 3742 1315 3824 quibus
1338 3749 1369 3803 et

218 3834 331 3913 gratias
352 3835 437 3896 vobis
459 3835 604 3916 plurimas
624 3838 778 3902 reddimus
790 3859 846 3921 pro
867 3841 917 3902 illo
931 3839 1075 3903 litterario
1095 3859 1235 3920 munere,
1255 3846 1286 3903 et
1304 3841 1369 3906 ola-

218 3932 299 3993 riora
322 3931 483 4016 pontificiae
503 3933 715 3997 benevolentia
729 3936 840 3999 indicia
860 3937 984 4015 damus,
1004 3955 1064 4018 qua
1079 3944 1111 3999 te
1125 3946 1271 4021 tuumque
1282 3937 1370 3999 ordi-

220 4049 289 4092 nem
316 4031 392 4094 adeo
414 4031 453 4095 de
480 4032 616 4118 Ecclesia
639 4033 855 4117 Salisburgensi
882 4037 1125 4099 benemerentem
1146 4033 1368 4118 prosequimur,

221 4134 310 4209 atque
331 4129 370 4192 ad
385 4131 533 4210 ejusmodi
554 4131 730 4196 eruditionis
743 4134 926 4197 cumulanda
939 4133 1049 4197 decora
1067 4134 1158 4195 etiam
1173 4123 1267 4212 atque
1277 4131 1375 4194 etiam¹

221 4223 398 4286 excitamus.
422 4227 508 4301 Quod
532 4227 631 4309 reipsa
653 4247 773 4311 quoque
788 4230 984 4293 libentissime
1000 4231 1106 4293 facturi
1123 4247 1246 4308 sumus,
1265 4229 1289 4291 si
1308 4249 1368 4308 qua

220 4323 314 4385 Nobis
334 4325 544 4404 opportunitas
568 4327 664 4389 aderit
683 4336 803 4390 nostros
820 4328 876 4390 hos
900 4328 930 4390 in
943 4347 998 4390 uos
1019 4327 1134 4409 paterni
1157 4326 1248 4388 animi
1265 4345 1370 4406 sensus

220 4417 431 4482 confirmandi.
456 4420 578 4483 Interim
604 4422 634 4484 in
662 4423 784 4485 uberius
808 4419 969 4504 pontificiae
996 4423 1130 4485 caritatis
1159 4429 1368 4502 argumentum

222 4515 417 4596 apostolicam
437 4517 675 4583 benedictionem
688 4521 759 4598 tibi,
774 4519 882 4583 dilecto
900 4521 958 4598 illi,
978 4522 1095 4600 tuisque
1109 4520 1264 4589 monachis
1278 4509 1370 4603 pera-
