3188 5414
392 485 574 541 EPISTOLAE
592 485 639 539 ΕΤ
656 485 791 540 Buuvm
809 485 1045 542 SELECTIORA.
1259 494 1293 561 22

145 591 248 655 nitatis
258 607 295 651 ac
312 589 470 670 patrocinii
486 607 539 669 spe
553 589 698 651 revocati.
713 592 747 652 ln
767 608 828 670 qua
841 589 964 670 quidem
985 609 1017 653 re
1028 590 1148 672 decepti
1169 591 1293 656 minime

145 694 231 764 mut,
252 686 357 755 uident
366 686 447 749 enim
459 704 491 748 se
506 685 593 749 isthic
612 693 720 766 pacate
738 704 828 768 posse
846 686 903 749 sub
923 687 1024 763 tutela
1035 693 1096 767 tuae
1114 689 1293 752 auctoritate

145 785 319 849 consistere.
335 787 436 859 Quare
453 784 603 862 majorem
623 783 655 845 in
674 783 801 859 modum
815 783 1028 861 Celsitudinem
1043 791 1130 850 tuam
1149 787 1293 852 obsecra-

144 901 223 960 mus,
240 889 275 947 ut
285 881 409 945 eosdem
418 881 495 954 tucri
510 899 546 943 ac
558 881 659 944 favere
669 900 789 962 pergas,
799 901 930 963 quorum
938 883 1082 965 probitati
1091 883 1204 947 lavisse
1212 902 1293 947 nun-

143 980 426 1061 quamtepoeniteoa
434 978 556 1060 poterit.
565 978 642 1041 Illud
653 985 799 1059 praterea
806 985 924 1041 certum
931 978 1056 1042 tibiesse
1063 979 1165 1059 debet,
1173 982 1293 1058 ,nulliun

143 1077 173 1142 in
187 1096 241 1143 eos
252 1096 325 1158 erga
336 1084 367 1145 te
381 1076 510 1143 conferri
525 1076 706 1140 beneficium
718 1096 828 1158 posse,
847 1077 930 1158 quod
951 1077 982 1139 in
1002 1079 1063 1155 Nos
1083 1078 1179 1156 etiam
1197 1080 1293 1144 colla-

143 1183 210 1237 tum
223 1194 288 1239 esse
306 1194 368 1239 non
382 1184 525 1258 putemus
533 1175 695 1256 ,quodqm
705 1193 799 1256 quam
809 1181 945 1255 gnatone
957 1175 1089 1252 memori.
1105 1176 1293 1257 excipiamus

146 1274 267 1352 animo,-
281 1275 394 1356 siquid
409 1276 440 1337 in
455 1282 611 1357 posterum
628 1272 787 1351 inciderit,
798 1291 860 1355 quc
881 1272 913 1335 id
932 1272 1039 1354 testari
1050 1272 1107 1354 tibi
1120 1274 1274 1342 valeamus
1282 1321 1293 1353 ,

145 1371 245 1452 reipsa
252 1372 340 1436 facile
354 1373 511 1453 intelliges.
525 1365 649 1435 lutc'rim
668 1389 846 1452 persuasum
862 1370 916 1435 tibi
931 1370 1063 1437 maxime
1080 1369 1293 1458 hcc-cupimus

143 1469 269 1535 eximias
282 1470 374 1534 animi
384 1471 428 1533 tui
442 1469 532 1533 dotes
541 1475 575 1542 et
583 1467 705 1548 agnosci
717 1486 736 1528 a
747 1466 847 1548 nobis,
861 1474 893 1530 et
902 1467 1025 1549 plurimi
1033 1467 1177 1532 estimari
1185 1514 1193 1556 ,
1204 1469 1293 1554 obse·

142 1568 280 1649 ararique
292 1572 389 1632 Deum
408 1571 477 1650 Opt.
492 1570 573 1632 Max.
588 1573 622 1630 ut
635 1572 666 1629 te
683 1565 825 1631 omnibus
843 1565 932 1631 bonis
945 1567 1119 1650 cumulare,
1136 1587 1172 1629 ac
1192 1568 1232 1631 ad
1248 1567 1293 1631 in-

142 1668 350 1732 columitatem
368 1674 459 1748 atque
474 1664 703 1747 amplitudinem
714 1683 792 1728 venae
806 1682 843 1728 ac
857 1663 960 1727 solidae
973 1663 1126 1729 felicitatis
1139 1665 1295 1741 accessio,

141 1784 211 1831 nem
228 1767 293 1830 lieri
306 1767 387 1832 velit.
404 1770 519 1831 Datum
528 1769 639 1839 nocta,
650 1771 719 1839 etc,
730 1764 782 1824 uie
800 1773 836 1827 23
850 1767 976 1841 ospacti
993 1774 1086 1845 1769,Ι
1096 1768 1292 1845 pontificatus

140 1870 330 1929 nostriaono
341 1869 453 1943 ptimo.
1075 1890 1077 1894 ·

630 1972 805 1986 -μη-

630 2014 781 2141 ΧΧνιι.
891 2029 913 2035 ”

271 2291 273 2295 y
479 2218 611 2270 niuucno'
631 2229 719 2272 nmio
743 2231 853 2273 nonum·
875 2219 949 2275 mim
1066 2223 1092 2291 s
1158 2224 1162 2234 '

230 2327 232 2330 ⁴
342 2313 1082 2411 munauuonnmmmnuuunmo'
1187 2323 1191 2330 ’

445 2464 682 2544 CLEMENS
710 2469 839 2545 ΡΑΡΛ
854 2469 975 2546 ·X·lV.·

847 2631 945 2689 Roma,
958 2633 973 2678 9
987 2616 1128 2693 septembris
1143 2602 1219 2687 tlon.»

180 2733 318 2803 Dilecta,
334 2738 392 2795 etc.
408 2728 687 2820 Incrembileqplane
699 2732 844 2813 gaudium
863 2734 1027 2798 attuleruut
1040 2735 1134 2818 Nobis
1148 2743 1208 2797 tuoe
1228 2738 1295 2799 exi-

139 2830 208 2909 miis
223 2831 254 2894 in
265 2832 326 2892 Nos
339 2837 371 2892 et
384 2829 583 2909 apostolicam
595 2820 675 2891 hauc
688 2849 742 2892 seu
756 2830 859 2909 sedem
872 2830 971 2894 filialis
981 2831 1179 2895 observantiae
1194 2832 1292 2911 sigui-

138 2929 329 2991 ficatiouibus
351 2927 483 3006 insignes
500 2927 624 3004 litterae,
641 2927 751 3006 quibus
773 2927 876 2988 divina
897 2947 959 3009 ope,
976 2929 1133 3010 agnovisse
1153 2929 1294 3013 teretem

139 3024 373 3106 protestantium
385 3041 519 3096 errores,
539 3029 631 3104 atque
640 3042 734 3087 unam
750 3023 884 3102 veritatis
897 3025 1047 3104 etsalutis
1060 3043 1161 3109 arcem
1181 3025 1291 3091 catho-

137 3123 228 3185 licam
238 3139 304 3185 esse
317 3121 499 3200 Ecclesiam,
509 3140 609 3202 ecque
626 3122 693 3202 ipsc
703 3122 770 3199 die,
784 3139 848 3202 qno
861 3120 1036 3203 tamhlausta
1049 3121 1087 3184 de
1105 3128 1135 3185 te
1149 3129 1213 3206 tam
1222 3123 1291 3187 leta
1307 3176 1310 3185 ,

138 3239 174 3282 ac
180 3220 316 3300 jucunda
325 3219 419 3284 Nobis
429 3218 652 3300 perscribebas,
664 3219 717 3300 qui
728 3218 792 3289 dies
806 3217 994 3300 invictissimi
1008 3219 1149 3302 martyris
1158 3223 1288 3305 Lauren

25 3358 28 3363 »
137 3317 845 3400 tii,cuiusncmenNosgessimus,pugnampro
858 3315 1288 3407 fideactriumphumrecolit,

139 3415 278 3492 abjurata
302 3416 358 3477 rite
373 3416 495 3479 Lutheri
514 3423 598 3480 secta
622 3415 661 3478 ad
682 3415 985 3497 huiussanctissimae
997 3423 1108 3501 nostem
1120 3417 1225 3479 Matris
1242 3419 1290 3503 si-¹
1309 3467 1311 3471 .

140 3529 213 3572 uum
227 3513 368 3574 omnibus
377 3513 519 3574 humanis
533 3505 713 3594 posthabitis
728 3512 895 3575 rationibus
908 3514 1089 3595 confugisse.
1103 3514 1182 3599 Quid
1196 3516 1289 3602 Nobis

139 3609 326 3688 exoptatius,
341 3610 414 3689 quid
433 3612 585 3691 acceptius
597 3611 736 3672 accidere
754 3630 890 3691 uuquam
903 3612 1002 3691 potuit
1011 3657 1019 3690 ,
1035 3630 1128 3692 quam
1149 3620 1289 3692 suscepta

139 3706 295 3769 catholicae
310 3707 441 3771 veritatis
453 3708 648 3789 persuasione
669 3707 778 3771 aninam
800 3716 859 3770 tuae
878 3708 1078 3771 incolumitati
1092 3711 1209 3788 egregie
1227 3716 1289 3769 ate

138 3805 322 3884 consultum,
333 3823 496 3886 venumque
503 3807 564 3868 Nos
575 3802 912 3869 acaDecccnstitutum
923 3805 1038 3868 visibile
1049 3807 1189 3868 Ecclesiae
1198 3814 1290 3886 caput

137 3903 195 3964 coli
204 3949 212 3981 ,
234 3923 270 3966 ac
288 3904 319 3965 in
336 3912 494 3985 parentem
505 3911 593 3967 tuum
603 3904 745 3984 agnosci,
760 3897 993 3984 teque-invicem
1015 3904 1139 3966 aNobis
1152 3910 1289 3965 nostrum

137 4002 310 4082 compellari
326 4003 439 4081 filium,
455 4003 486 4065 in
497 4010 535 4065 tc
546 4003 915 4084 pontificiampictatem,
930 4001 1186 4085 benevolentiam,
1208 3999 1290 4061 cari-

138 4105 291 4185 tatemque
304 4118 426 4180 omnem
446 4101 606 4181 collocarit
619 4100 746 4185 Mirifice
768 4098 881 4185 idcirco
904 4098 997 4163 animi
1013 4097 1202 4178 iucunditate
1218 4115 1290 4176 per-

138 4194 208 4272 fusi,
223 4196 354 4278 primum
365 4198 499 4260 omnium
513 4199 663 4278 bonorum
678 4196 812 4277 largitori
825 4197 899 4274 Deo,
912 4197 963 4276 qui
976 4204 1007 4256 te
1020 4194 1139 4257 vocavit
1151 4193 1181 4253 in
1196 4194 1289 4257 adnu-

63 4367 66 4372 ·
97 4280 100 4288 ’
138 4293 233 4367 rabile
245 4295 347 4356 lumen
367 4314 476 4374 suum,
491 4313 625 4356 summas
638 4295 785 4356 habemus
807 4308 843 4353 aa
864 4291 1019 4354 reddimus
1037 4291 1167 4370 gratim,
1183 4298 1290 4354 temet

138 4392 412 4455 commissmNobis
426 4394 583 4472 Ecclesiae,
598 4394 750 4474 quaedum
763 4392 894 4452 insnum
910 4398 938 4452 te
952 4391 1129 4451 redeuutem
1140 4393 1288 4471 gremium

139 4490 332 4571 cupidissime
355 4491 484 4570 excipit,
508 4492 561 4557 tati
580 4498 722 4570 tantaque
746 4489 915 4553 accessione
930 4494 1053 4551 auctam
1068 4507 1099 4551 se
1117 4491 1243 4570 gaudet,
1260 4497 1290 4550 ct
