3188 5414
753 522 957 577 cauriensis
976 521 1041 575 xiv

874 660 929 728 Vl.

768 823 913 865 nilacus
936 819 1030 862 ululis

324 957 361 996 AC
386 958 524 998 DlLECTlS
548 953 724 997 lucubratio
748 955 911 1012 ululanda,
928 950 1167 994 courunrnluus
1184 950 1222 991 ET
1237 949 1476 995 cousououluus

397 1060 528 1119 REGlAE
549 1055 771 1119 SOCIETATls
792 1054 979 1116 Ath0RUM
1000 1053 1051 1113 DE
1071 1052 1225 1114 sPllllTU
1245 1050 1397 1114 SANCTO

615 1177 874 1227 nunourxronuu
887 1177 946 1226 sun
964 1174 1178 1227 mvocxrroua
1232 1196 1235 1201 >

321 1289 447 1338 saxona
464 1284 574 1337 unam
587 1288 712 1336 naama
725 1287 913 1336 srucronuu
926 1286 1055 1334 ouumu
1067 1284 1226 1334 orvrrxrrs
1245 1283 1474 1331 umromuxum

606 1398 867 1477 ¹CLE'lllENS
894 1401 1021 1477 PAPA
1052 1399 1159 1477 XIV.

1112 1571 1204 1627 mma,
1217 1570 1248 1617 tu
1262 1564 1323 1627 junii
1339 1564 1407 1615 ttae.

358 1680 474 1740 Dilecta·
478 1679 545 1756 fila·
551 1723 559 1750 ,
577 1697 612 1737 ac
629 1679 748 1738 dilectae
762 1681 794 1736 io
815 1676 933 1740 Christo
946 1677 1027 1755 stlte·
1039 1677 1188 1744 salntem,
1203 1679 1262 1734 etc.
1282 1670 1362 1734 Nihil
1378 1670 1475 1733 Nobis

318 1774 432 1854 gratius
442 1793 478 1836 ao
487 1773 651 1852 jucundius
662 1773 804 1836 obvenire
815 1772 1033 1850 existimamus,
1045 1788 1218 1852 quamomn
1228 1769 1393 1850 accipimus
1403 1769 1472 1849 pias

319 1872 474 1952 utriusque
488 1891 577 1933 sexus
598 1870 836 1933 christifidelium
860 1869 1034 1932 sodalitates
1054 1867 1167 1950 ubique
1185 1873 1335 1929 terrarum
1354 1873 1473 1931 erectas

319 1968 355 2029 iis
369 1968 489 2048 pietatis
503 1967 695 2048 caritatisque
709 1966 851 2048 operibus
869 1973 899 2028 et
919 1965 1185 2028 exercitationibus
1196 1962 1333 2025 sedulam
1347 1981 1473 2044 operam

319 2066 402 2145 dare,
415 2067 525 2148 quibus
536 2073 567 2129 et
579 2067 617 2128 ad
630 2065 785 2147 propriam
799 2067 944 2146 cujusque
959 2064 1071 2128 sodalis
1089 2070 1234 2126 aeternam
1251 2062 1380 2125 salutem
1393 2079 1474 2125 cou-

319 2164 516 2245 sequendam,
531 2170 620 2244 atque
633 2164 698 2225 aliis
709 2163 952 2225 christifidelibus
963 2162 1186 2243 procurandam
1198 2161 1377 2224 excitantur.
1392 2161 1473 2236 Quo-

317 2261 400 2322 niam
422 2267 539 2337 autem,
562 2261 639 2322 sieut
658 2260 751 2321 Nobis
771 2279 868 2342 nuper
888 2262 996 2342 exponi
1021 2262 1156 2323 lecerunt
1180 2261 1280 2323 dilecti
1302 2259 1355 2322 lilii
1372 2260 1473 2341 Eques

318 2358 418 2440 Scipio
425 2357 539 2439 Pigala,
547 2357 661 2439 Joseph
672 2356 804 2435 Persico,
815 2364 845 2419 et
855 2357 990 2420 Andreas
1000 2357 1146 2420 Sabattini
1158 2357 1296 2420 moderni
1303 2356 1472 2420 sodalitatis

317 2463 425 2517 vestrae
439 2454 607 2535 superiores
622 2453 681 2515 sive
695 2452 922 2534 gubernatores,
937 2455 999 2518 sive
1011 2455 1167 2534 officiales,
1182 2456 1249 2537 ipsa
1262 2461 1363 2517 vestra
1377 2455 1472 2517 soda-

318 2553 387 2614 litas
398 2569 591 2631 summopere
602 2555 740 2629 exoptat,
758 2556 792 2611 ut
805 2551 866 2612 Nos
878 2569 998 2633 quoque
1010 2570 1071 2613 non
1090 2552 1189 2614 solum
1201 2557 1340 2613 nostrum
1359 2569 1472 2614 nomen

318 2649 417 2711 eidem
429 2647 581 2711 sodalitati
597 2645 725 2708 adscribi
740 2648 903 2729 patiamur,
914 2667 1018 2711 verum
1030 2649 1122 2711 etiam
1134 2650 1298 2712 caelestium
1309 2668 1471 2712 munerum

317 2748 476 2809 thesauros
501 2746 572 2808 uiris
595 2743 796 2808 confratribus
821 2747 979 2808 dumtaxat
998 2764 1053 2829 per
1073 2747 1124 2809 fel.
1146 2764 1208 2809 rec.
1235 2747 1471 2829 praedecessores

317 2832 436 2908 nostros
448 2844 627 2924 Gregorium
640 2863 752 2925 papam
766 2846 834 2906 Xlll
850 2853 880 2907 et
892 2847 1075 2908 Clementem
1088 2845 1156 2907 Vlll
1169 2846 1303 2927 aliosque
1317 2848 1470 2908 Romanos

317 2930 477 3007 Pontifices
495 2943 569 3005 alias
589 2942 730 3024 elargitus
742 2942 782 3004 ad
799 2943 923 3006 dilectas
937 2944 968 3005 in
983 2943 1101 3005 Christo
1118 2943 1196 3006 filias
1209 2943 1344 3022 ejusdem
1356 2943 1471 3006 sodali-

316 3034 387 3104 tatis
399 3061 576 3105 consorores
590 3042 750 3104 extendere
765 3043 969 3123 dignaremur.
982 3044 1044 3105 Nos
1056 3043 1158 3123 itaque
1172 3042 1282 3122 quibus
1293 3060 1470 3123 supremum

320 3139 504 3201 sacrosancti
517 3139 701 3221 apostolatus
710 3159 820 3201 munus
833 3158 887 3220 per
901 3139 1084 3201 ineffabilem
1097 3138 1205 3202 dinnae
1216 3137 1360 3200 bonitatis
1375 3140 1471 3201 abun-

318 3222 454 3297 dantiam
465 3236 652 3316 impositum,
666 3243 696 3297 et
707 3236 801 3298 totins
812 3236 967 3299 catholicae
979 3236 1112 3299 ecclesiae
1127 3254 1201 3299 cura
1213 3233 1396 3296 demandata
1409 3244 1468 3314 est,

317 3334 522 3414 maximopere
536 3333 701 3414 gaudentes
723 3334 782 3415 piis
800 3342 968 3397 vestrarum
993 3337 1074 3418 apud
1095 3337 1332 3418 omnipotentem
1354 3336 1467 3414 Deum,

317 3437 408 3511 atque
428 3431 635 3493 beatissimam
656 3431 809 3511 Virginem
831 3433 958 3495 Mariam
982 3433 1208 3496 immaculatam
1224 3432 1469 3497 obsecrationum

319 3527 468 3609 suffragiis
488 3529 651 3610 participes
672 3531 752 3610 lieri,
776 3532 943 3613 vestrisque
966 3532 1076 3614 optatis
1098 3530 1319 3609 obsecundare,
1340 3531 1471 3596 libenter

317 3635 477 3698 annuimus
494 3641 632 3696 nostrum
651 3647 763 3698 nomen
777 3636 875 3698 eidem
889 3636 1038 3698 sodalitati
1057 3643 1162 3699 vestra
1183 3639 1274 3717 dare,
1292 3645 1381 3719 atque
1392 3639 1470 3701 inter

317 3730 482 3797 confratres
494 3725 659 3796 numerari.
675 3736 751 3796 Fore
761 3734 842 3795 enim
853 3735 885 3796 in
896 3735 1023 3796 Domino
1036 3734 1232 3814 confidimus,
1249 3741 1283 3796 ut
1297 3735 1469 3817 suffragan-

316 3833 398 3894 tibus
410 3830 525 3892 meritis
538 3833 737 3913 precibusque
751 3832 857 3894 vestris
869 3850 922 3910 ea,
935 3852 995 3913 qua
1008 3832 1116 3911 majori
1128 3839 1244 3915 potest,
1256 3833 1467 3912 sollicitudine,

317 3946 390 3992 cura
409 3935 439 3990 et
456 3928 610 4007 vigilantia
628 3929 829 3991 ministerium
847 3937 985 3992 nostrum
1009 3929 1208 4011 apostolicum
1231 3930 1395 4012 adimplere
1411 3951 1469 3994 va·
1543 3981 1545 3986 .

315 4026 443 4089 leamus.
469 4027 616 4088 Praeterea
624 4027 691 4108 pari
704 4027 870 4108 apostolica
889 4029 1072 4108 benignitate
1088 4036 1119 4090 et
1131 4030 1321 4106 auctoritate,
1340 4031 1469 4112 quibus-

317 4143 446 4206 cumque
460 4124 619 4186 contrariis
635 4143 697 4186 non
714 4126 922 4205 obstantibus,
941 4146 1046 4189 omnes
1062 4135 1092 4190 et
1109 4128 1241 4208 singulas
1254 4128 1466 4208 indulgentias,

316 4231 510 4303 peccatorum
521 4221 723 4302 remissiones,
733 4242 949 4304 poenarumque
959 4225 1169 4304 relaxationes,
1180 4244 1257 4306 quas
1271 4226 1342 4288 viris
1352 4226 1468 4289 confra-

316 4320 412 4381 tribus
425 4328 530 4383 vestrae
549 4321 715 4383 sodalitatis
732 4322 891 4384 dumtaxat
906 4323 1019 4384 laudati
1032 4322 1267 4404 praedecessores
1282 4324 1377 4385 nostri
1391 4342 1469 4385 con-

317 4424 480 4495 cesserunt,
495 4419 534 4480 ad
545 4419 670 4481 dilectas
684 4419 796 4500 pariter
808 4421 839 4480 in
853 4419 970 4481 Christo
987 4421 1064 4482 filias
1078 4438 1256 4482 consorores
1266 4421 1465 4499 extendimus,

315 4514 374 4577 hac
391 4523 491 4577 tamen
514 4517 701 4596 conditione,
724 4525 757 4579 ut
778 4538 849 4581 cum
868 4519 1008 4599 quaelibet
1029 4539 1063 4581 ex
1083 4521 1296 4582 consororibus
1318 4539 1354 4581 ea
1374 4538 1467 4601 opera
