3188 5414
264 525 815 669 oeconoma
863 529 1131 672 vania

334 851 638 940 ursroruln
665 853 1058 944 ronrmrolrus

205 1098 754 1233 CLEMENTIS
828 1105 951 1231 PP.
1018 1105 1188 1242 XIV

443 1442 940 1571 insessurum„

129 1778 695 1791 ...κ’-.-

575 2032 801 2102 CCLXXXIV.

440 2254 442 2260 .
494 2224 626 2266 DlLECTO
663 2226 746 2268 ululo
776 2226 893 2267 NOSTRO

125 2328 345 2389 VENCENTIO
359 2329 490 2389 TITULI
502 2331 552 2390 SS.
567 2331 808 2392 MARCELLINI
819 2334 869 2394 ET
880 2333 993 2394 PETRI
1003 2331 1262 2404 PRESBYTERO,

417 2455 441 2501 s.
464 2455 494 2501 a.
513 2429 546 2502 u.
573 2456 775 2506 craumers
798 2457 978 2505 uauvazzr

198 2561 382 2611 nuncupem
397 2564 440 2611 ux
456 2565 667 2616 oouorssronn
683 2569 722 2618 nr
737 2569 981 2619 nurmsmroua
995 2569 1189 2618 messorum

459 2682 708 2732 uncummsooro
724 2685 926 2744 Bononiensi,
943 2645 946 2654 ¹

387 2801 707 2879 BENEDICTUS
735 2805 864 2880 PAPA
891 2803 997 2879 XIV.

855 2989 951 3045 Romae,
961 2985 999 3035 die
1013 2991 1041 3035 15
1050 2985 1106 3033 maii
1118 2991 1183 3036 1756.

162 3101 281 3160 Dilecto
289 3100 339 3176 no·
359 3105 456 3160 noster
479 3101 606 3160 salutent
621 3105 651 3159 et
666 3103 856 3177 apostolicam
868 3100 1109 3160 benedictionem.
1126 3098 1192 3159 Tibi
1205 3117 1265 3179 pra

124 3184 248 3273 oaeteris,
263 3194 369 3255 dilecte
392 3195 432 3255 fili
446 3201 558 3273 noster,
581 3196 632 3275 qui
645 3194 801 3274 Bononia,
817 3197 891 3258 dum
905 3195 1145 3277 archiepiscopus
1165 3215 1265 3278 agere-

123 3311 202 3369 mus,
217 3299 247 3353 et
261 3295 377 3371 Romae,
399 3293 461 3355 ubil
481 3294 612 3374 primum
625 3294 747 3356 intimus
761 3294 976 3373 cubicularius,
999 3294 1106 3356 deinde
1126 3295 1264 3358 eubiculo

123 3397 225 3452 nostro
242 3390 397 3471 praeleotus
414 3410 468 3472 per
485 3393 585 3473 plures
595 3410 694 3454 annos
707 3391 804 3469 luisti,
819 3391 915 3472 magis
925 3397 1113 3472 compertum
1123 3393 1264 3472 explora,-

125 3492 248 3567 tumque
260 3494 319 3565 est,
334 3495 496 3567 quantum,
512 3488 614 3569 quoad
624 3489 715 3550 Nobis
724 3489 872 3569 integrum
883 3488 954 3567 luit,
967 3507 1022 3569 pro
1035 3489 1264 3569 metropolitana

125 3585 248 3646 ecelesia
260 3586 439 3648 Bononiensi
459 3586 530 3648 olim
550 3587 661 3663 Nobis,
676 3586 767 3647 modo
784 3585 837 3647 tibi
857 3585 1004 3665 desponsa
1017 3584 1218 3646 studuerimus
1234 3591 1265 3648 et
1327 3577 1329 3581 ⁸

126 3683 407 3762 adlaboraverimus‚
418 3691 451 3745 ut
462 3685 539 3746 illius
549 3683 724 3746 instauratio
737 3689 809 3744 atot
819 3682 904 3744 annis
914 3687 1022 3762 ooepta,
1034 3693 1132 3762 neque
1140 3681 1264 3762 iuquam

126 3781 279 3857 absoluta,
295 3780 417 3842 tandem
431 3800 485 3861 per
500 3781 606 3843 divina
619 3780 760 3843 bonitatis
782 3779 996 3841 abundantiam
1014 3779 1217 3858 perficeretur,
1234 3785 1265 3842 et

126 3879 289 3940 sacrarium
310 3878 402 3940 saeris
424 3879 654 3960 supellectilibus
675 3878 765 3939 etiam
785 3875 923 3957 pretiosis
944 3893 981 3937 ex
1002 3893 1075 3938 auro
1093 3881 1124 3937 et
1141 3881 1264 3956 argento

127 3975 240 4036 affatim
253 3977 494 4056 locupletaretur.
511 3975 657 4050 Quoniam
672 3981 773 4036 autem
782 3974 881 4054 ipsam
892 3972 1154 4053 metropolitanam
1167 3973 1265 4034 eoele-

126 4072 201 4134 siam
213 4073 256 4134 ita
267 4073 464 4134 instauratam
478 4091 542 4135 esse
555 4073 648 4154 probe
658 4071 796 4134 novimus
806 4117 814 4149 ,
826 4077 858 4132 ut
867 4088 945 4132 nova
955 4069 1180 4132 consecratione
1191 4069 1266 4143 indi-

125 4187 194 4247 gere
205 4188 266 4231 non
275 4169 446 4232 dubitemus
452 4195 461 4248 3
472 4188 542 4231 cum
550 4189 592 4231 eae
603 4170 983 4251 potissimumoonourrant
991 4185 1098 4244 eausa,
1109 4185 1174 4247 quae
1179 4167 1266 4245 Juxta

126 4283 227 4326 saeros
237 4283 366 4326 canones
377 4284 487 4327 novam
497 4266 630 4345 ejusdem
645 4265 889 4327 instaurationem
898 4265 967 4344 jure
981 4282 1017 4325 ao
1027 4262 1133 4324 merito
1147 4263 1265 4343 exigere

128 4359 263 4422 videntur
269 4361 603 4445 ;quemadmodumper
612 4368 745 4425 nostram
755 4363 910 4443 epistolam
918 4363 1265 4444 ltalieosermonescrip·
1360 4439 1364 4447 ,

128 4461 208 4534 tarn,
225 4477 269 4519 ac>
280 4459 358 4540 typis
372 4459 481 4521 editam
495 4461 676 4540 gravissimis
690 4460 1014 4524 rationummomentis'
1032 4461 1216 4530 ostendimus
1230 4481 1265 4528 ao
