3188 5414
628 525 855 580 DOCUMENTA
872 526 991 580 vaula.
1075 584 1077 588 ¹
1329 529 1381 579 397

238 634 386 708 consili0,
402 649 437 691 cx
452 636 533 691 certa
544 629 683 706 scientia,
697 636 727 690 et
740 627 921 710 plenitudine
930 629 1087 709 potestatis
1102 629 1277 708 Apostolicae
1289 648 1380 710 saepe-

183 734 189 746 ⁶
240 733 354 793 dictam
369 727 548 788 Societatem
563 726 781 806 extinguimus,
794 733 824 788 et
837 727 1068 807 supprimimus,
1084 727 1232 802 tollimus,
1244 733 1276 787 et
1287 727 1379 788 abru-

238 845 345 906 gamus
357 823 473 899 omnia,
491 828 522 883 et
536 822 652 901 singula
663 824 728 902 ejus
741 823 859 898 officia,
874 823 1037 884 ministeria
1050 829 1080 884 et
1094 822 1377 899 administrationes,

230 921 362 996 domus,
386 918 521 994 scholas,
541 918 679 996 collegia,
703 918 848 999 hospitia,
864 918 1039 999 gymnasia,
1059 924 1089 979 et
1103 920 1169 979 loca
1182 936 1378 999 quecumque

234 1017 337 1097 quavis
352 1015 383 1076 in
400 1014 570 1095 provincia,
592 1033 700 1093 regno,
716 1022 746 1075 et
763 1014 875 1075 ditione
896 1015 1068 1090 existentia,
1090 1022 1120 1075 et
1133 1014 1225 1075 modo
1244 1015 1377 1095 quolibet

234 1113 272 1174 ad
296 1130 364 1173 eam
383 1111 576 1192 pertinentia;
599 1113 664 1190 ejus
682 1117 810 1188 statuta,
833 1131 947 1189 mores,
966 1113 1215 1190 consuetudines,
1236 1113 1374 1190 decreta,

235 1208 477 1283 constitutiones,
494 1207 587 1268 etiarn
598 1209 770 1286 juramento
780 1254 788 1285 ,
799 1209 1026 1271 confirmatione
1036 1211 1227 1290 Apostolica,
1240 1218 1293 1271 aut
1303 1211 1376 1272 alias

232 1305 407 1383 roboratas,
421 1303 524 1365 omnia
533 1304 623 1388 item,
636 1310 666 1366 et
677 1305 792 1384 singula
803 1305 972 1385 privilegia,
985 1312 1016 1367 et
1027 1305 1142 1368 indulta
1151 1307 1315 1385 generalia,
1329 1306 1375 1368 vel

233 1401 392 1482 specialia,
413 1418 543 1479 quorum
564 1408 682 1462 tenores
702 1401 911 1481 presentibus,
933 1421 968 1462 ac
986 1401 1062 1463 side
1081 1403 1174 1465 verbo
1198 1404 1236 1464 ad
1249 1403 1374 1465 verbum

234 1507 334 1563 essent
348 1501 479 1577 incerta,
492 1518 528 1560 ac
545 1500 662 1562 etiarnsi
676 1501 830 1581 quibusvis
843 1501 995 1579 formulis,
1011 1501 1153 1563 clausulis
1169 1501 1371 1584 irritantibuS,

232 1604 263 1657 et
276 1597 514 1676 quibuscumque
526 1597 650 1658 vinculis
661 1605 692 1658 et
702 1597 830 1660 decretis
845 1598 903 1660 sint
917 1605 1080 1680 concepta,
1096 1618 1151 1679 pro
1164 1600 1252 1680 plene
1267 1605 1297 1660 et
1307 1598 1373 1660 suf-

230 1696 362 1757 ficienter
374 1696 520 1776 expressis
530 1696 635 1757 baberi
644 1698 793 1759 volumus.
807 1696 935 1777 Ideoque
946 1698 1134 1759 declaramus
1144 1705 1292 1760 cassatam
1303 1717 1372 1778 per-

181 1819 186 1825 ·
228 1797 320 1870 petuo
332 1809 469 1868 manere,
482 1810 517 1853 ac
528 1793 649 1872 penitus
662 1792 824 1856 extinctam
840 1812 977 1869 omnem,
992 1800 1022 1855 et
1035 1812 1257 1875 quamcumque
1269 1801 1372 1856 aucto-

142 1916 146 1923 ·
228 1887 347 1949 ritatem
359 1888 509 1968 Praepositi
520 1889 689 1965 Generalis,
702 1888 947 1967 Prouincialium,
960 1890 1171 1958 visitatorum,
1185 1890 1371 1970 aliorumque

229 1983 431 2062 quorumlibet
442 1983 527 2045 dictae
541 1983 697 2045 Societatis
714 1985 909 2065 Superiorum
921 1991 984 2046 tam
997 1986 1027 2046 in
1044 1985 1262 2065 spiritualibus,
1277 2004 1369 2065 quarn

227 2080 257 2140 in
272 2080 501 2160 temporalibus;
514 2081 712 2162 eamdemque
724 2083 978 2160 jurisdictionem,
993 2089 1023 2143 et
1040 2083 1250 2145 auctoritatem
1262 2083 1293 2144 in
1307 2087 1370 2144 Lo-

146 2178 148 2182 '
226 2195 331 2238 corum
342 2176 513 2240 Ordinarios
525 2179 666 2256 totaliter,
681 2186 712 2241 et
722 2181 894 2243 omnimode
907 2181 1131 2258 transferimus,
1143 2182 1230 2259 juxta
1243 2181 1369 2245 modum

226 2292 332 2350 casus,
346 2280 376 2335 et
389 2292 544 2354 personas,
558 2282 588 2336 et
598 2275 634 2338 iis
642 2277 699 2338 sub
708 2277 928 2339 conditionibus
936 2324 944 2354 ,
957 2296 1032 2356 quas
1045 2276 1122 2338 infra
1133 2277 1366 2357 explicabimus;

226 2373 417 2452 prohibentes
434 2374 690 2454 quemadmodum
699 2392 753 2455 per
763 2381 923 2456 presentes
935 2374 1147 2455 prohibemus,
1162 2392 1200 2435 ne
1214 2374 1291 2435 ullus
1305 2394 1368 2436 am·
1388 2428 1390 2433 .

209 2543 212 2553 ⁸
225 2469 301 2550 plius
313 2469 343 2530 in
358 2469 469 2531 dictam
482 2471 663 2533 Societatem
674 2472 850 2553 excipiatur,
863 2477 894 2533 ct
907 2472 944 2533 ad
958 2470 1115 2550 habitum,
1135 2489 1170 2533 ac
1188 2471 1366 2533 novitiatum

225 2569 415 2646 admittatur3
431 2570 483 2649 qni
498 2589 569 2632 vero
583 2571 729 2632 hactenus
742 2570 863 2643 luerunt
876 2568 1010 2649 excepti,
1026 2568 1065 2630 ad
1079 2568 1295 2649 professionem
1310 2588 1367 2630 vo-

224 2674 324 2730 torum
338 2668 535 2748 simplicium,
551 2669 597 2730 vel
611 2669 807 2743 solemnium,
825 2668 881 2728 sub
895 2685 984 2746 poena
996 2665 1141 2728 nullitatis
1155 2666 1364 2744 admissionis,

222 2770 252 2824 et
265 2763 470 2844 professionis,
487 2764 610 2843 aliisque
624 2763 746 2824 arbitrio
764 2770 883 2838 nostro,
896 2762 978 2822 nullo
990 2760 1081 2836 modo
1099 2759 1217 2820 admitti
1229 2761 1361 2840 possint,

221 2859 387 2919 etvaleant.
403 2858 543 2931 Quinimo
555 2858 709 2934 volumus,
719 2857 919 2938 precipimus,
932 2862 962 2916 et
973 2855 1161 2932 mandamus,
1175 2857 1269 2935 utqui
1283 2876 1365 2919 nunc

222 2955 368 3034 tyrocinio
387 2961 456 3016 actu
466 2960 593 3031 vacant,
608 2954 726 3031 statim,
739 2954 836 3030 illice,
857 2953 1043 3026 immediate,
1065 2961 1095 3014 et
1109 2972 1180 3039 cum
1192 2955 1301 3016 affectu
1315 2956 1365 3017 di-

222 3049 379 3111 mittantur
386 3074 395 3127 3
410 3069 446 3111 ac
459 3049 593 3111 similiter
605 3055 758 3126 vetamus,
771 3068 809 3111 ne
826 3049 877 3129 qui
894 3056 1035 3111 votorum
1046 3049 1228 3130 simplicium
1243 3051 1363 3131 profes-

222 3147 336 3207 sionem
350 3146 530 3223 emiserunt,
544 3147 686 3227 nulloque
705 3165 792 3209 sacro
809 3147 918 3208 Ordine
929 3153 999 3209 sunt
1013 3167 1105 3230 usque
1127 3149 1224 3212 adhuc
1236 3151 1363 3231 initiati,

221 3246 341 3326 possint·
350 3245 388 3306 ad
403 3247 533 3324 majores
543 3246 625 3327 ipsus
636 3245 759 3307 Ordines
777 3246 945 3326 promoveri
962 3252 1122 3326 pretextu,
1138 3252 1191 3308 aut
1210 3247 1297 3310 titulo
1316 3252 1362 3313 vel

217 3343 282 3421 jam
296 3342 408 3403 emisse
419 3342 609 3405 inSocietatc
622 3341 814 3422 professionis
825 3342 871 3402 vel
883 3341 1107 3422 privilegiorum
1122 3348 1228 3405 contra
1240 3346 1363 3407 Ooncilii

220 3439 384 3502 Tridentini
397 3439 517 3502 decreta
529 3440 626 3502 eidem
638 3439 778 3501 Societati
792 3439 982 3501 collatorum.

260 3548 309 3598 26.
328 3536 475 3610 Quoniam
489 3554 559 3597 vero
582 3555 619 3598 eo
640 3542 743 3597 nostra
763 3534 890 3596 tendunt
916 3534 1030 3612 studia,
1049 3541 1083 3596 ut
1104 3536 1362 3624 quemadmodum

220 3633 357 3696 Ecclesia
367 3635 559 3711 utilitatibus,
575 3654 610 3696 ac
622 3636 804 3716 populorum
818 3633 1026 3714 tranquillitati
1037 3636 1194 3697 consulere
1206 3628 1360 3716 cupimus}

220 3734 261 3793 ita
272 3732 394 3811 singulis
407 3732 717 3811 ejusdemlteligionis
733 3731 906 3808 individuis,
922 3749 974 3792 seu
991 3730 1099 3807 Sociis,
1113 3750 1242 3811 quorum
1257 3732 1362 3812 singu-

220 3829 297 3889 lares
318 3847 461 3908 personas
483 3835 608 3910 paterne
630 3829 661 3889 in
680 3829 808 3891 Domino
831 3828 997 3907 diligimus,
1021 3828 1155 3889 solamen
1175 3828 1311 3908 aliquod,
1330 3836 1361 3890 et
1406 3854 1407 3858 ¹

219 3923 484 3987 auxilium‘alferre
503 3925 694 4004 studeamus,
710 3933 744 3988 ut
757 3926 795 3989 ab
806 3926 963 4003 omnibus,
977 3925 1087 4007 quibus
1100 3926 1245 3988 hactenus
1263 3928 1361 3989 vexati

220 4020 340 4082 fuerunt
353 4021 609 4099 contentionibus,
621 4021 764 4096 dissidiis,
780 4030 810 4084 et
828 4023 988 4102 angoribus
1001 4021 1103 4101 liberi,
1120 4022 1300 4085 fructuosius
1312 4025 1360 4085 vi-

216 4121 308 4180 neam
321 4119 438 4181 Domini
452 4119 567 4200 possint
577 4121 726 4198 excolere,
740 4125 770 4182 et
781 4120 950 4182 animarum
962 4120 1052 4181 saluti
1066 4119 1186 4203 uberius
1200 4121 1359 4201 prodesse,

217 4215 502 4296 idco'deceruimus,
515 4225 546 4279 et
556 4218 779 4296 constituimus,
793 4225 827 4280 ut
838 4217 916 4280 Socii
927 4217 1051 4298 professi
1062 4222 1203 4278 votorum
1212 4216 1359 4279 duntaxat

216 4312 416 4391 simplicium,
431 4320 461 4375 et
478 4315 570 4377 sacris
584 4316 743 4379 Ordinibus
756 4317 890 4379 nondum
904 4317 1027 4397 initiati,
1042 4316 1121 4377 intra
1138 4316 1269 4395 spatium
1283 4324 1358 4377 tern-

214 4407 299 4486 poris
314 4427 330 4469 a
344 4412 493 4472 Locorum
513 4413 675 4477 Ordinariis
690 4414 909 4490 deliniendum,
925 4415 997 4477 satis
1009 4433 1176 4494 congruum
1194 4414 1232 4476 ad
1247 4433 1357 4477 munus

213 4506 341 4590 aliquod
354 4511 399 4571 vel
417 4510 567 4591 officium,
582 4514 627 4574 vel
642 4512 822 4574 benevolum
843 4518 1028 4592 receptorem
1050 4511 1278 4602 inveniendum,
1296 4531 1357 4577 non
