3188 5414
615 524 840 580 bocUMENTn
859 528 982 582 veliin.
1321 539 1372 592 387

227 621 348 682 etesium
359 621 411 682 Dei
421 622 627 687 confusionem
637 628 791 707 inducere,
802 630 832 691 in
843 630 973 692 Concilio
980 633 1109 710 generali
1119 635 1308 697 Lateraneusi
1321 641 1372 698 [v.

227 720 355 815 firmiter
364 720 532 800 prohibuit,
545 741 583 784 ne
596 725 665 805 quis
678 713 715 787 de
727 733 827 788 cetero
840 745 950 789 novam
960 729 1144 808 Religionem
1157 731 1304 808 inveniat;
1320 737 1373 798 sed
1410 791 1415 803 .

225 816 406 895 quicumque
424 816 463 877 ad
475 819 659 898 Religionem
681 824 816 885 converti
834 825 960 886 voluerit
973 844 1065 887 unam
1079 826 1118 888 de
1134 829 1306 908 approbatis
1322 850 1373 892 as-

225 917 338 988 sumat;
357 912 547 994 decrevitque
567 915 700 998 insuper,
729 926 763 981 ut
781 921 833 1000 qui
853 921 980 983 voluerit
1001 922 1172 1002 religiosam
1195 924 1321 990 domurn
1334 928 1373 988 de

224 1023 302 1068 novo
316 1006 452 1086 fuudare,
467 1011 614 1090 regulam,
630 1020 661 1074 et
675 1015 890 1078 institutionem
903 1017 1031 1097 accipiat
1041 1018 1078 1080 de
1090 1022 1273 1100 approbatis.
1286 1022 1373 1085 Unde

223 1121 408 1184 consequeus
426 1105 498 1184 fuit,
522 1115 556 1169 ut
573 1128 633 1173 non
645 1112 748 1175 liceret
759 1114 881 1176 omnino
893 1133 1003 1177 novam
1018 1117 1202 1197 Religionem
1217 1121 1371 1191 instituere

223 1201 285 1263 sine
296 1204 416 1282 speciali
432 1206 561 1270 Romani
577 1210 729 1300 Pontifiois
744 1211 863 1273 licentia
876 1258 883 1287 ,
897 1218 928 1273 et
942 1213 1049 1274 merito
1064 1214 1200 1293 quidem,
1215 1235 1286 1278 nam
1299 1238 1371 1285 cum

222 1317 304 1362 novio
314 1302 563 1382 congregationes
573 1308 696 1385 majoris
705 1309 895 1389 perfectionis
907 1311 1004 1389 gratia
1018 1311 1221 1391 instituantur,
1237 1315 1320 1394 prius
1330 1319 1370 1380 ab

222 1396 278 1458 hac
300 1405 404 1460 sancta
426 1401 600 1481 Apostolica
619 1403 696 1466 Sede
721 1407 785 1487 ipsa
808 1407 874 1468 vitae
894 1406 1000 1467 futura
1018 1406 1115 1470 forma
1133 1411 1315 1489 examinari,
1339 1421 1369 1475 et

221 1496 363 1576 perpendi
384 1497 474 1560 debet
495 1500 662 1580 diligenter,
678 1521 716 1566 ne
731 1504 787 1564 sub
806 1504 904 1584 specie
919 1504 1040 1582 majoris
1057 1504 1129 1566 boni
1139 1551 1148 1583 ,
1165 1514 1195 1567 et
1213 1509 1369 1577 sanctioris

219 1592 425 1675 vitaplurima
440 1596 470 1659 in
481 1598 613 1664 Ecclesia
625 1599 677 1663 bei
694 1599 896 1679 incommoda,
914 1608 943 1663 et
955 1600 1081 1663 fortasse
1092 1601 1184 1665 etiarn
1197 1605 1276 1668 mala
1293 1624 1368 1669 exo-

180 1703 184 1711 ’
218 1690 344 1752 riantur.
898 1745 900 1749 .
1104 1722 1108 1728 ·

258 1797 287 1844 5.
298 1786 438 1858 Quamvis
446 1804 516 1847 vero
523 1787 786 1866 ,providentissime
795 1786 857 1845 hac
869 1783 978 1844 fuerint
991 1784 1029 1843 ab
1040 1787 1214 1844 innocentio
1225 1785 1274 1844 lll.
1290 1787 1368 1845 Prae·

219 1879 334 1940 decess.
345 1888 449 1942 nostro
461 1882 640 1958 constituta,
653 1888 754 1943 tamen
765 1879 960 1961 postmodum
968 1896 1028 1939 non
1039 1878 1136 1939 solum
1146 1878 1185 1939 ab
1193 1880 1366 1958 Apostolica

219 1974 295 2036 Sede
309 1975 481 2056 importuna
504 1977 672 2057 petentium
689 1977 812 2039 inhiatio
827 1977 997 2056 aliquorum
1013 1974 1160 2037 'Ordinum
1174 1977 1367 2055 Regularium

219 2071 466 2151 approbationem
488 2074 629 2151 extorsit,
660 2074 872 2141 verumetiam
896 2072 1109 2134 nonnullorum
1129 2080 1369 2153 presumptuosa

219 2168 372 2230 temeritas
385 2170 570 2232 diversorum
588 2171 732 2233 Ordinum
746 2173 893 2253 precipue
910 2171 1145 2234 Mendicantium
1159 2172 1293 2233 nondum
1309 2191 1368 2252 ap—

219 2267 415 2346 probatorum
428 2269 604 2333 effrenatam
623 2272 708 2350 quasi
725 2271 946 2333 multitudinem
967 2271 1129 2332 adinvenit.
1154 2271 1266 2346 Quibus
1280 2272 1367 2350 plene

218 2362 363 2442 coguitis,
378 2372 413 2426 ut
427 2367 509 2438 malo
521 2367 623 2429 statim
641 2376 827 2443 occurreret,
840 2368 999 2447 Gregorius
1021 2369 1102 2446 Papa
1113 2369 1150 2426 X.
1168 2367 1278 2446 pariter
1292 2354 1368 2428 Pra-

218 2462 356 2525 decessor
365 2471 466 2526 noster
475 2466 505 2526 in
516 2465 646 2545 generali
657 2465 788 2527 Concilio
798 2463 988 2545 Lugdunensi
999 2471 1141 2525 renovata
1151 2464 1367 2525 Constitutione

219 2558 311 2638 ipsius
323 2563 486 2624 iunocentii
501 2565 552 2624 lll.
578 2564 806 2625 Praedecessoris
819 2562 983 2624 districtius
994 2561 1141 2636 inhibuit,
1157 2579 1195 2623 ue
1209 2562 1314 2642 aliquis
1329 2563 1367 2623 de

216 2665 319 2720 cetero
329 2677 442 2725 novum
451 2655 603 2738 Ordinem,
617 2670 670 2723 aut
683 2662 868 2741 Religionem
880 2660 1063 2737 adinveniat,
1076 2661 1122 2720 vel
1135 2660 1271 2721 habitum
1284 2678 1368 2751 novae

218 2755 377 2834 Religionis
392 2765 535 2819 assumat.
552 2761 680 2820 Cunctas
700 2778 773 2821 vero
794 2758 971 2837 generaliter
993 2756 1174 2835 Religiones,
1191 2762 1222 2816 et
1242 2747 1367 2823 Ordines

219 2851 499 2934 Mendicantespost
519 2855 684 2916 Concilium
697 2857 896 2917 Lateranense
907 2855 956 2914 lV.
972 2852 1162 2928 adinventas,
1182 2853 1233 2932 qui
1252 2853 1367 2922 nullam

218 2948 477 3012 confirmationem
501 2950 585 3012 Sedis
607 2952 786 3031 Apostolicae
814 2956 998 3026 meruerunt,
1022 2955 1168 3029 perpetuo
1191 2949 1364 3030 probibuit,

218 3045 415 3108 confirmatos
427 3054 545 3125 autem,
561 3048 600 3108 ab
614 3049 786 3129 Apostolica
799 3048 876 3110 Sede
893 3047 985 3109 modo
999 3046 1131 3108 decrevit
1148 3047 1308 3110 subsistere
1324 3049 1367 3112 in-

218 3143 376 3223 frascripto
392 3168 399 3204 :
416 3151 450 3205 ut
468 3144 606 3206 videlicet
625 3144 844 3226 professoribus
856 3142 1034 3205 eorumdem
1047 3135 1192 3205 Ordiuum
1205 3143 1246 3204 ita
1263 3143 1367 3215 liceret

218 3239 247 3301 in
266 3239 323 3302 illis
336 3258 507 3319 remanere,
524 3242 548 3303 si
563 3242 726 3320 voluerint,
742 3241 824 3322 quod
836 3242 952 3302 nullum
964 3240 1103 3321 deinceps
1119 3240 1156 3303 ad
1171 3258 1277 3302 eorum
1290 3261 1366 3322 pro-

136 3333 138 3340 '
218 3337 377 3403 sessionem
392 3339 602 3418 admitterent,
614 3358 671 3402 neo
685 3340 722 3402 de
736 3358 814 3402 novo
834 3340 977 3416 domum,
992 3340 1039 3402 vel
1052 3340 1181 3420 aliquem
1194 3342 1296 3405 locum
1312 3363 1367 3418 aa*¹

218 3435 384 3514 quirerent,
400 3456 455 3499 nec
466 3440 587 3516 domos,
600 3456 654 3501 seu
663 3438 748 3515 loca,
763 3455 828 3517 quae
839 3437 1003 3516 habebant,
1017 3437 1146 3500 alienare
1158 3439 1290 3501 valerent
1302 3441 1367 3505 sine

218 3531 354 3611 ejusdem
375 3534 406 3594 S.
423 3534 506 3596 Sedis
526 3534 645 3596 licentia
665 3533 796 3614 speciali.
812 3536 857 3594 Ea
873 3533 953 3595 euim
967 3534 1069 3596 omnia
1082 3534 1268 3615 dispositioni
1283 3536 1366 3604 Sedis

219 3629 395 3710 Apostolioae
406 3633 568 3693 reservavit
581 3632 612 3693 in
623 3634 721 3692 Terra
737 3637 846 3703 sauctae
859 3631 1044 3712 subsidium,
1058 3631 1103 3692 vel
1120 3650 1304 3711 pauperum,
1320 3634 1366 3711 vel

219 3726 292 3788 alios
304 3727 371 3808 pios
383 3746 454 3790 usus
470 3747 524 3809 per
534 3730 671 3792 locorum
685 3726 856 3790 Ordinarios
864 3773 873 3806 ,
886 3728 934 3789 vel
951 3747 1021 3805 eos,
1033 3727 1142 3809 quibus
1156 3729 1186 3789 S.
1199 3729 1289 3791 Sedes
1303 3729 1367 3818 ipsa

218 3823 413 3902 commiserit,
426 3824 638 3887 convertenda.
653 3824 791 3887 Persouis
805 3842 924 3904 quoque
936 3824 1070 3904 ipsorum
1084 3823 1228 3885 Ordinum
1243 3823 1366 3885 omnino

219 3920 369 3983 interdixit
389 3923 491 4003 quoad
515 3929 673 3985 extraneos
695 3920 930 4003 praedicationis,
953 3927 984 3982 et
1008 3919 1147 3982 audiendi
1167 3917 1366 3981 confessiones
1456 3951 1458 3953 >

219 4015 364 4097 officium,
375 4018 529 4082 autetiam
540 4020 736 4099 sepulturam.
750 4017 917 4081 Declaravit
927 4024 1030 4079 tamen
1040 4017 1071 4078 in
1082 4016 1141 4079 hac
1152 4015 1366 4087 Constitutione

218 4115 340 4181 minime
355 4117 587 4198 comprehensos
604 4135 669 4179 esse
684 4116 916 4179 Praedicatorum
928 4121 959 4176 et
969 4110 1121 4177 Minorum
1136 4114 1275 4191 Ordines,
1290 4131 1366 4197 quos

218 4213 341 4274 avidam
351 4232 388 4275 ex
402 4216 445 4277 eis
459 4215 571 4278 utilitas
582 4214 720 4280 Ecclesia
736 4213 895 4276 universali
913 4213 1089 4295 proveniens
1102 4211 1296 4294 perhibuerat
1310 4231 1368 4293 ap-

220 4309 372 4388 probatos.
389 4312 549 4393 Voluitque
560 4313 681 4393 iusuper
695 4311 895 4375 Eremitarum
914 4311 945 4372 S.
962 4310 1135 4391 Augustini,
1152 4317 1183 4371 et
1197 4310 1368 4373 Carnmlita-

219 4425 287 4467 rum
305 4408 429 4471 Ordines
440 4410 471 4472 in
481 4410 670 4474 solidostatu
684 4428 876 4493 permanere,
889 4428 925 4472 ex
936 4428 973 4472 ea
987 4409 1069 4490 quod
1083 4410 1208 4470 istorum
1221 4409 1367 4471 institutio

220 4504 393 4585 pradictum
405 4510 542 4588 generale
557 4496 938 4572 Concilium'tateranense
950 4513 1153 4589 precesserat.
1170 4509 1297 4569 minum
1310 4506 1369 4568 siu»

1215 4617 1259 4667 25.
