3188 5414
753 489 958 544 ctuuuuuls
976 488 1041 543 XlV

849 684 946 755 LVll.

732 867 925 910 VENBBABILI
943 864 1057 912 suasu!

279 1062 285 1078 ,
323 991 557 1062 auhuman
583 989 793 1062 JOSEPHO,
821 987 1176 1050 huculurrscoro
1202 981 1477 1048 uocnurmo

430 1133 470 1181 ur
485 1131 640 1180 urucoro
655 1129 895 1192 aasumensi,
910 1131 934 1178 s.
953 1128 981 1178 a.
997 1131 1016 1178 ι.
1036 1127 1176 1178 raincuu
1192 1128 1365 1186 uumrour,

633 1265 869 1345 CLEMENS
897 1268 1026 1347 PAPA
1054 1264 1160 1346 XlV.

1066 1453 1159 1512 Rornoe,
1173 1450 1185 1500 7
1199 1444 1311 1500 februarii
1326 1449 1394 1501 1720.

367 1566 563 1640 Venerabilis,
576 1573 632 1627 ele.
652 1565 819 1646 Apostolici
834 1564 1011 1644 ministerii,
1029 1565 1112 1648 quod
1126 1569 1187 1628 lieo
1204 1567 1322 1628 volente
1343 1562 1477 1629 suntne

322 1681 405 1740 mus,
421 1680 439 1723 a
454 1661 546 1724 Nobis
559 1663 693 1743 postulat
706 1662 893 1741 sollicitudo,
909 1669 943 1724 ut
955 1670 1083 1745 paterna
1096 1663 1239 1742 matuta,
1253 1681 1315 1745 qua
1326 1664 1478 1726 christili-

322 1758 404 1820 deles
417 1757 522 1820 omnes
530 1758 562 1820 iu
576 1759 704 1821 Domino
717 1758 958 1841 complectimur,
971 1759 1147 1823 eorumdem
1156 1759 1249 1823 etiam
1263 1760 1477 1842 temporalium

323 1852 555 1915 commodorum
569 1853 717 1918 rationem
731 1860 798 1916 tum
811 1852 943 1917 maxime
959 1855 1142 1934 habeamus,
1159 1874 1230 1918 cum
1246 1856 1355 1934 majori
1369 1857 1478 1921 dacu-

322 1957 384 2011 tate
398 1950 437 2012 ad
451 1948 618 2033 spiritualia
629 1951 841 2032 consequenda
854 1951 970 2032 possint
982 1952 1117 2017 excitari.
1133 1954 1321 2034 Quapropter
1333 1954 1481 2035 propani

322 2039 1378 2130 sempersumusadillaVenerabiliumFratrumexcipiendapostulata,
1388 2067 1476 2128 qua,

321 2164 394 2208 cum
406 2146 467 2208 sint
478 2145 516 2207 ad
527 2145 663 2207 divinum
676 2145 792 2206 cultum
807 2144 1036 2226 animarumque
1049 2147 1177 2208 salutem
1192 2164 1355 2224 conversa,
1369 2146 1401 2208 in
1415 2147 1478 2209 hoc

320 2244 512 2322 potissimum
526 2249 695 2319 versantur,
709 2249 743 2304 ut
752 2243 970 2323 opportuniora
979 2242 1097 2305 adeum
1111 2245 1218 2323 linem,
1232 2244 1357 2307 sublatis
1368 2244 1476 2323 etiarn,

322 2342 417 2421 siqua
427 2341 505 2404 sorta
516 2340 591 2419 sint,
605 2339 759 2420 perieulis,
771 2338 945 2417 adjumenta
952 2358 988 2401 ac
997 2340 1135 2419 presidia
1145 2360 1199 2422 per
1208 2341 1379 2422 apostolica
1389 2341 1478 2404 Sedis

320 2441 680 2518 gratiamcomparentur.
693 2439 737 2498 Ex
745 2455 807 2517 quo
820 2435 907 2498 facile
921 2435 1082 2518 intelligere
1093 2444 1196 2518 potes,
1208 2438 1394 2502 Venerabilis
1405 2442 1479 2502 Fra—

287 2605 289 2611 ,
321 2545 377 2614 ter,
393 2554 455 2617 quo
471 2535 573 2597 animo
587 2534 794 2614 exceperimus
810 2539 878 2594 tuas
898 2533 1031 2611 litteras,
1044 2553 1110 2615 qua
1124 2541 1155 2596 et
1165 2536 1283 2598 eximiis
1294 2557 1366 2616 erga
1377 2539 1480 2601 Sanc-

322 2641 386 2695 tam
405 2633 485 2694 hanc
498 2631 608 2693 sedem
619 2629 787 2708 devotionis
799 2635 830 2691 et
847 2629 1044 2692 observantia
1057 2630 1325 2711 significationibus
1339 2643 1410 2697 sunt
1424 2655 1480 2698 re-

321 2730 419 2807 sarta,
442 2737 474 2790 et
496 2727 679 2810 pastoralem
699 2743 820 2803 curam,
847 2724 1096 2804 sollicitudinem,
1123 2745 1159 2789 ac
1179 2724 1364 2806 vigilantiam
1388 2737 1478 2794 tuam

321 2824 676 2909 maximepraselerunt5
693 2823 723 2885 in
743 2823 779 2885 iis
793 2823 874 2885 enim
894 2823 1051 2904 diligenter
1064 2826 1190 2907 exponis
1210 2844 1271 2888 non
1291 2825 1477 2910 mediocria,

321 2946 388 3007 quae
400 2947 418 2990 a
429 2927 547 2989 dierum
560 2924 707 2988 festorum
718 2941 845 2986 numero
858 2923 888 2984 in
900 2924 1095 2988 commissum
1104 2923 1159 2985 tibi
1170 2924 1318 3005 populum
1331 2936 1479 2990 emanant

322 3025 526 3088 incommoda.
550 3026 662 3106 Capera
682 3023 790 3086 exinde
813 3043 903 3105 grave
916 3023 1064 3088 damnum
1084 3025 1186 3089 fideles
1209 3043 1279 3087 cum
1300 3024 1478 3090 acatholicis

322 3122 504 3183 commixtos
526 3122 586 3199 ais,
602 3129 692 3200 atque
714 3120 745 3181 in
759 3119 790 3180 id
804 3121 900 3199 magis
914 3123 1007 3183 etiam
1028 3141 1081 3184 eos
1097 3123 1247 3201 incidere,
1266 3121 1318 3202 qui
1331 3140 1425 3202 opera
1438 3143 1478 3188 ac

322 3218 426 3278 labora
441 3218 472 3279 in
493 3218 627 3280 colendis
649 3215 815 3296 prasertim
827 3217 905 3295 agris
923 3218 1016 3279 vitam
1035 3237 1111 3297 agre
1125 3225 1293 3281 sustentant
1299 3243 1308 3295 3
1330 3219 1477 3284 distantia

322 3313 404 3375 euim
417 3314 595 3394 plerumque
605 3315 673 3375 loca
687 3319 772 3389 suut,
786 3312 825 3374 ad
836 3331 919 3397 quae,
939 3321 972 3377 ut
989 3313 1127 3377 intersint
1138 3334 1240 3393 sacro,
1255 3315 1398 3378 aeccdcre
1416 3335 1477 3379 ne-

323 3430 404 3474 ccsse
417 3419 478 3490 est,
501 3430 614 3492 aspera
628 3429 663 3474 ae
674 3409 812 3473 difficiles
826 3411 895 3488 via,
913 3430 949 3473 ac
966 3412 1015 3493 uix
1031 3411 1154 3476 ferenda
1172 3432 1226 3493 per
1246 3431 1389 3493 niagnam
1402 3416 1475 3477 anni

322 3514 441 3589 partem
450 3507 595 3569 instabilis
611 3525 647 3569 ac
661 3506 729 3568 sevi
741 3507 818 3568 aeris
828 3507 1027 3570 inclementia.
1044 3510 1144 3579 Quare
1163 3508 1337 3588 hujusmodi
1349 3527 1475 3590 perm—
1541 3560 1544 3565 .

323 3612 373 3668 tus
386 3606 470 3668 istius
479 3605 575 3684 gregis
586 3604 785 3667 incommodis
794 3607 930 3686 postulas
941 3607 1058 3669 aNobis
1071 3606 1168 3687 (quod
1180 3605 1230 3668 alii
1238 3605 1473 3668 etiamuonnulli

323 3694 489 3767 Ge‘rmauiae
501 3703 632 3786 episcopi
642 3703 790 3766 similibus
803 3704 919 3768 inducti
931 3705 1029 3767 causis
1039 3704 1188 3782 lecerunt)
1199 3710 1233 3765 ut
1247 3702 1408 3765 commisso
1418 3703 1473 3766 tibi

323 3803 437 3887 populo
458 3808 630 3883 opportuna
648 3803 765 3865 dierum
786 3801 932 3864 festorum
946 3801 1155 3865 imminutione
1176 3819 1215 3862 ex
1233 3799 1399 3880 apostolica
1416 3799 1474 3861 bc-

324 3900 468 3981 nignitate
491 3900 693 3963 consulamus.
716 3901 777 3962 Nos
793 3900 894 3980 itaque
915 3899 1167 3981 postulationibus
1187 3898 1248 3959 tuis
1261 3897 1473 3979 rationumque

324 3997 463 4077 equitate
482 3994 611 4076 permoti
622 4001 654 4057 et
666 3995 820 4059 commissi
835 3995 889 4057 tibi
903 3996 1000 4075 gregis
1021 3995 1216 4075 utilitatibus,
1231 3995 1344 4075 absque
1357 4000 1473 4056 aterna

325 4094 428 4159 salutis
437 4112 496 4157 sua
503 4091 660 4173 dispendio
671 4093 827 4156 consulere
835 4092 979 4169 volentes,
990 4092 1180 4155 Fraternitati
1186 4099 1303 4172 tuaeper
1312 4097 1473 4171 presentes

325 4190 438 4254 litteras
449 4189 681 4266 committimus,
694 4197 728 4252 ut
738 4191 843 4252 habits
854 4208 971 4265 rerum,
984 4210 1060 4271 quas
1073 4189 1251 4271 exposuisti,
1263 4189 1396 4267 ratione,
1411 4207 1472 4252 oni·

325 4286 415 4348 nibus
431 4289 587 4368 utriusque
600 4305 688 4348 sexus
708 4287 845 4348 fidelibus
865 4293 899 4348 in
919 4289 1039 4348 dioercsr'
1050 4296 1103 4350 tna
1121 4287 1321 4349 existentibus
1339 4287 1472 4367 exceptis

326 4383 466 4445 omnibus
475 4387 581 4449 diebus
590 4385 764 4462 dominicis,
776 4386 885 4447 natalis
896 4389 930 4447 Ι).
940 4387 976 4446 N.
986 4388 1014 4447 J.
1027 4387 1059 4446 C.
1074 4392 1104 4446 et
1116 4391 1257 4464 sequente
1267 4385 1298 4445 S.
1311 4383 1470 4464 Stephani,
1584 4388 1588 4394 ’

274 4498 276 4504 ⁴
325 4481 580 4561 circumcisionis,
597 4483 780 4565 Epiphania,
796 4482 1033 4546 Resurrectionis
1047 4489 1078 4543 et
1090 4488 1250 4561 sequente,
1264 4465 1469 4558 Ascen'sionis‚
