3188 5414
472 490 655 543 EPISTOLAE
673 490 717 542 ET
738 489 871 545 Bnavta
891 489 1124 549 Semllc'tlnnn.
1320 496 1370 545 807

226 593 311 654 illum
334 595 393 653 llos
413 594 450 654 ad
470 594 528 661 hoc
548 613 658 655 munus
678 594 804 655 libenter
825 613 895 654 cum
908 594 948 655 ob
965 593 1120 656 clarissimi
1138 594 1253 671 generis
1269 595 1371 674 splen-

211 689 349 764 dorem,
372 695 438 749 tum
461 689 502 748 ob
525 708 649 751 suorum
669 708 789 751 morum
814 689 1018 770 virtutumque
1039 688 1242 769 prestantiam
1263 689 1372 770 delegi-

223 805 309 863 mus,
331 786 513 868 minimeque
536 787 736 867 ambigimus,
759 787 831 867 quin
854 785 1165 851 commendatissimum
1183 785 1236 846 tibi
1253 785 1371 849 iuturus

223 884 280 959 sit,
292 902 382 964 quem
396 885 639 966 acceptissimum
656 886 749 949 Nobis
761 905 828 948 esse
845 886 1031 966 profitemur.
1050 885 1148 965 Atque
1170 883 1282 956 idcirco
1299 903 1370 946 cum

223 981 355 1054 eundem
368 983 512 1061 peculiari
525 983 734 1044 benevolentia
746 982 894 1063 excipies,
906 990 1107 1064 preterquam
1122 980 1205 1062 quod
1220 980 1258 1043 de
1275 998 1368 1045 ornae

221 1076 337 1138 tissime
357 1077 422 1137 viro
444 1078 557 1158 optime
577 1078 755 1155 mereberis,
779 1084 918 1140 nostrum
950 1078 1005 1139 tibi
1028 1077 1174 1155 majorem
1195 1077 1226 1140 in
1245 1077 1370 1141 modurn

222 1174 389 1254 obstringes
405 1175 561 1253 animum;
576 1176 679 1237 nostm
695 1176 776 1237 enim
795 1193 887 1237 causa
904 1175 1018 1240 lactum
1033 1193 1114 1252 esse,
1131 1173 1212 1254 quod
1227 1174 1256 1234 in
1271 1174 1370 1255 ipsum
1413 1197 1417 1204 ·

223 1292 279 1353 pro
288 1280 341 1333 tua
353 1273 541 1334 humanitate
555 1272 672 1349 leceris,
684 1272 908 1335 arbitrabimur.
924 1273 1072 1334 Volumus
1088 1277 1189 1333 autem
1205 1276 1240 1332 ut
1250 1289 1369 1333 sacrum

221 1372 332 1432 munus
348 1389 367 1431 a
385 1370 531 1432 moderno
547 1371 647 1452 priore
662 1370 747 1431 istius
763 1370 904 1432 Ecclesia
926 1367 1132 1431 conventualis
1146 1370 1176 1428 S.
1196 1370 1244 1429 Jo.
1261 1368 1370 1429 Hiero-

221 1467 392 1548 solymitani
406 1473 528 1547 peracta
542 1466 686 1528 redivina
699 1466 737 1528 de
750 1458 918 1543 moretibi,
934 1465 1041 1535 dilecte
1051 1464 1093 1529 fili
1101 1510 1110 1543 ,
1123 1463 1269 1526 tradatur.
1285 1466 1370 1527 lnte-

219 1563 277 1625 rim
296 1564 532 1644 omnipotentem
545 1566 639 1625 Deum
649 1583 704 1645 pro
718 1570 822 1625 vestra
835 1563 936 1642 gloria
954 1582 989 1626 ac
1003 1562 1121 1625 virtutis
1136 1561 1368 1642 amplificatione

221 1660 435 1731 obsecrantes,
456 1661 652 1740 apostolicam
665 1659 903 1723 benedictionem
922 1661 954 1721 in
976 1658 1098 1722 uberius
1122 1659 1213 1723 etiam
1235 1665 1369 1740 paternae

219 1756 395 1837 eximiaque
413 1757 627 1819 benevolentia
646 1758 753 1838 pignus
771 1757 843 1834 tibi,
860 1756 966 1819 dilecte
980 1756 1089 1834 fili„ac
1103 1756 1241 1818 universo
1253 1757 1364 1836 inclyto
1413 1811 1417 1820 .

219 1853 321 1915 ordini
340 1861 532 1933 peramanter
553 1854 753 1935 impertimur.
775 1855 889 1917 Datum
912 1855 1028 1924 Rome,
1044 1856 1132 1935 opud»
1148 1854 1291 1916 Sanctam
1306 1856 1369 1916 Μα-

220 1954 300 2009 riom
315 1951 914 2027 Majmm,rub11nautoPtscoton's,dte
927 1960 961 2010 tt
978 1955 1055 2009 maii
1071 1961 1161 2025 tm,
1174 1954 1368 2028 pontificatur

222 2050 317 2106 nostri
331 2065 412 2107 nano
428 2051 540 2125 quinto.

700 2151 883 2161 *—

710 2265 876 2334 CCLXlX.

467 2407 641 2464 cndlssm
663 2425 697 2467 IN
720 2425 851 2466 CflBlSTO
875 2424 969 2467 Plura
991 2423 1115 2465 NOSTRA

260 2523 396 2584 naara
416 2494 624 2589 susanne
637 2529 854 2593 annelare
881 2530 1040 2591 acerna
1059 2530 1324 2603 aremorica,
1354 2608 1357 2614 ³

487 2652 613 2700 NEONON
629 2653 782 2703 BOHRHIAE
799 2655 924 2703 RFBlNAE
940 2654 1096 2714 intusum,

400 2754 433 2800 in
448 2755 646 2804 ROMANORUM
662 2758 898 2806 mannanmcan
916 2758 1181 2816 medantinum,

525 2858 758 2936 CLEMENS
785 2862 925 2936 ΡΑΡΑ4
942 2860 1048 2935 XlV.

1015 3009 1108 3065 Romu,
1122 3014 1147 3054 al
1163 3007 1219 3066 rnaji
1233 3011 1299 3055 1774.
1354 2994 1357 3001 ’

261 3113 438 3183 Carissimo,
451 3119 508 3172 etc.
524 3112 672 3191 Singulari
691 3114 871 3193 Apostolicae
881 3112 1029 3192 llaJestati
1043 3113 1113 3173 Tura
1127 3111 1230 3192 pietati
1249 3130 1284 3172 ac
1298 3113 1364 3175 reli-

217 3208 299 3288 gioni
310 3213 380 3268 sunt
398 3205 521 3272 omnino
533 3214 740 3270 consentaneae
755 3227 834 3270 cnrae
850 3215 880 3270 et
894 3208 1101 3288 cogitationes,
1125 3227 1192 3288 quae
1206 3209 1363 3273 sollicitam

218 3315 248 3366 te
267 3305 397 3382 habent,
413 3309 502 3386 atque
514 3304 633 3366 anxiam
650 3305 688 3366 de
710 3305 914 3386 spiritualibus
927 3306 1110 3387 populorum
1129 3313 1249 3367 tuorum
1263 3307 1364 3369 subsi-

218 3401 292 3477 diis,
311 3407 342 3461 et
356 3400 395 3462 de
404 3401 616 3464 commodiore
626 3400 811 3482 expedienda
831 3403 889 3481 via,
908 3420 969 3482 qua
987 3386 1104 3463 iidemu
1115 3400 1177 3462 suis
1193 3403 1363 3482 pastoribus

220 3503 358 3559 accurate
371 3497 435 3576 regi
453 3499 672 3581 gubernarique
685 3499 812 3580 possint.
829 3501 975 3562 Praelara
992 3499 1165 3579 hujusmodi
1176 3507 1235 3560 tua.
1248 3501 1363 3562 eximiae

220 3592 428 3656 sollicitudinis
439 3593 548 3657 indicia
561 3597 751 3675 agnoscimus
765 3615 801 3657 ex
816 3596 868 3677 iis,
881 3616 948 3677 quae
961 3595 1053 3658 Nobis
1065 3595 1185 3657 deferre
1195 3596 1314 3657 voluisti
1324 3596 1362 3658 de

220 3691 313 3755 nimia
327 3690 515 3771 episcopatus
529 3694 686 3773 Pragensis
702 3701 735 3756 et
753 3695 938 3756 Olmucensis
961 3694 1172 3775 amplitudine,
1199 3714 1323 3776 quaeque
1346 3714 1363 3756 a

219 3788 312 3850 Nobis
325 3786 451 3869 proinde
462 3790 618 3868 postulasti
632 3790 670 3852 de
684 3792 768 3854 novis
778 3792 1008 3873 episcopatuum
1023 3791 1144 3854 sedibus
1155 3792 1314 3873 erigendis,
1331 3802 1363 3853 nt

223 3885 389 3947 imminutis
408 3885 513 3965 spatiis
526 3893 557 3948 et
577 3887 670 3949 vinea
689 3889 807 3958 Domini
822 3890 988 3953 cultoribus
1005 3889 1100 3961 auctis
1122 3891 1257 3968 eiusdem
1272 3908 1358 3953 exco-

219 3984 311 4050 lende
329 3985 447 4053 facilior,
457 3985 534 4047 ratio
553 3985 606 4063 sit,
623 3992 714 4066 atque
724 3987 993 4065 accommodatior,
1008 4005 1105 4067 neque
1126 3987 1256 4068 amplius
1278 4006 1296 4048 a
1314 3988 1375 4055 sui..

219 4082 348 4161 pastoris
362 4090 525 4162 conspecu
537 4083 578 4170 ob
592 4083 841 4166 longinquitatem
855 4086 1112 4167 ipsamlocorum,
1126 4091 1160 4145 ut
1170 4101 1362 4161 nuucnecae

217 4178 297 4242 sario
317 4181 470 4259 usuvenit,
485 4181 699 4262 quamplurimi
722 4192 854 4247 careant.
878 4186 938 4247 Nos
955 4184 1079 4266 quidem
1094 4183 1157 4244 bac
1176 4187 1293 4262 egregia
1309 4189 1361 4246 tara

140 4320 145 4327 .
218 4275 317 4338 studia
331 4295 522 4357 summopere
534 4281 794 4360 commendamus,
817 4283 973 4347 carissima
988 4283 1029 4353 in,
1036 4282 1153 4345 Christo
1171 4281 1232 4349 filie
1244 4289 1359 4360 nosue,

217 4385 247 4436 et
261 4376 478 4455 postulationes
490 4377 545 4441 bas
559 4384 627 4441 tuas
639 4379 866 4460 diligentissime
877 4398 1062 4462 expensnros
1071 4379 1260 4460 profitemur,
1272 4387 1361 4460 atque

217 4476 246 4537 iu
261 4475 453 4540 deliberando
475 4496 530 4558 pro
552 4478 594 4538 rei
613 4478 759 4557 gravitate
778 4496 897 4540 omnem
921 4477 1125 4554 sedulitatem,
1141 4483 1236 4556 atque,
1254 4476 1360 4553 indus-

1207 4588 1251 4638 20.
