3188 5414
619 542 846 595 llOCUlllENTA
865 541 990 597 vaula,
1324 545 1375 594 309

229 649 334 727 bisque
346 647 479 707 moribus
494 646 632 726 praeditus
647 647 859 723 designabitur,
873 646 923 725 qui
938 645 1085 704 dictarum
1105 643 1263 704 domorum
1278 647 1375 724 praesit

230 748 380 827 regimini,
395 747 492 806 deleto
506 746 623 824 penitus
633 750 666 805 'et
678 764 838 824 suppresso
851 744 971 804 nomine
986 742 1153 802 Societatis.

181 885 184 893 -
273 855 320 904 29.
344 843 535 904 Declaramus
550 842 718 902 individuos
732 842 825 901 otiam
846 840 992 920 predicta
1014 837 1170 898 Societatis
1183 856 1220 897 ex
1235 840 1375 900 omnibus

232 939 408 1016 Provinciis,
430 957 447 999 a
466 939 575 1018 qriibus
586 940 650 1016 jam
665 938 853 1018 reperiuntur
865 937 996 1015 expulsi,
1010 935 1242 1014 comprehensos
1261 953 1325 996 csse
1344 936 1374 996 in

232 1039 288 1098 bac
298 1037 426 1116 generali
443 1036 599 1096 Societatis
617 1035 828 1115 suppressione
845 1058 851 1094 :
866 1053 901 1095 ac
914 1034 1039 1113 proinde
1060 1035 1212 1108 volumuS,
1225 1034 1306 1112 quod
1319 1053 1373 1095 su-

227 1135 352 1213 pradicti
364 1135 494 1216 expulsi,
509 1135 625 1195 etiamsi
639 1134 675 1195 ad
687 1135 817 1212 majores
827 1133 950 1193 Ordines
961 1132 1034 1207 sint,
1049 1139 1079 1192 et
1089 1132 1217 1192 existant
1227 1135 1378 1212 promoti,

229 1233 282 1293 nisi
298 1233 336 1293 ad
351 1233 443 1294 alium
456 1233 625 1312 regularem
638 1231 778 1292 Ordinem
801 1229 989 1304 transierint,
1010 1228 1049 1289 ad
1064 1233 1175 1288 statum
1190 1227 1371 1289 Clericorum

227 1337 256 1390 et
272 1332 517 1412 Presbyterorum
531 1329 724 1391 Saecularium
738 1329 804 1409 ipso
817 1328 896 1388 lacto
915 1325 1098 1404 redigantur,
1114 1331 1145 1385 et
1158 1327 1308 1386 Locorum
1319 1327 1371 1384 Or-

229 1426 349 1488 dinariis
362 1427 493 1487 totaliter
507 1425 712 1502 subjiciantur.
725 1431 728 1437 '

267 1536 315 1584 ³0.
329 1526 478 1584 Locorum
492 1523 638 1584 OrdInarii
646 1566 654 1599 ,
668 1521 692 1583 si
706 1538 789 1597 eam,
805 1538 866 1600 qua
877 1538 952 1599 opus
965 1526 1025 1591 est,
1041 1517 1291 1597 deprehenderint
1307 1520 1370 1579 vir-

189 1640 193 1646 ·
227 1626 339 1696 tutem,
363 1620 547 1696 doctrinam,
571 1636 750 1700 morumque
771 1618 970 1696 integritatem
995 1616 1024 1675 in
1048 1616 1099 1691 iis,
1124 1616 1174 1695 qui
1195 1614 1365 1696 eRegulari

225 1716 380 1778 Societatis
391 1719 462 1778 lesu
475 1716 614 1778 Instituta
630 1717 668 1778 ad
682 1717 930 1796 Presbyterorum
942 1715 1256 1776 Saeculariumstatum
1269 1715 1298 1774 in
1308 1715 1368 1775 vim

225 1813 417 1893 praesentiurn
436 1820 607 1874 nostrarum
630 1813 797 1874 litterarum
811 1810 998 1885 transierint,
1017 1817 1158 1889 poterunt
1177 1810 1220 1872 eis
1238 1829 1293 1889 pro
1312 1830 1368 1887 suo

227 1910 350 1971 arbitrio
375 1910 547 1971 facultatem
569 1910 685 1989 largiri,
711 1916 762 1970 aut
785 1909 931 1986 denegare
953 1907 1118 1989 excipiendi
1138 1907 1368 1968 sacramentales

226 2006 425 2067 confessiones
439 2006 546 2067 Christi
560 2007 723 2081 Fidelium,
739 2013 792 2074 aut
803 2005 936 2085 publicas
956 2005 995 2065 ad
1010 2006 1156 2084 populum
1170 2003 1298 2065 habendi
1316 2023 1364 2064 sa-

226 2122 293 2164 cras
309 2103 484 2180 concioneS,
498 2104 634 2184 sineque
653 2103 772 2165 licentia
792 2104 822 2163 in
843 2104 961 2184 scriptis
982 2121 1072 2167 nemo
1086 2104 1206 2164 illorum
1229 2103 1264 2164 iis
1283 2103 1364 2182 fungi

224 2200 399 2261 muneribus
413 2201 545 2262 audebit.
564 2203 648 2262 Hanc
661 2207 762 2261 tamen
776 2201 950 2262 facultatem
965 2201 1055 2262 iidem
1074 2199 1228 2281 Episcopi,
1242 2202 1289 2262 vel
1303 2205 1365 2264 Lo-

223 2313 328 2356 corum
342 2297 487 2358 Ordinarii
499 2313 652 2377 nunquam
666 2297 768 2377 quoad
778 2304 935 2360 extrancos
947 2298 982 2359 iis
992 2290 1158 2360 concedent
1165 2344 1172 2375 ,
1188 2298 1239 2378 qui
1251 2298 1281 2358 in
1293 2300 1365 2360 Col-

222 2391 320 2469 legiis,
340 2399 390 2453 aut
400 2393 540 2454 domibus
552 2402 640 2454 antea
652 2392 690 2454 ad
709 2392 888 2454 Societatem
906 2394 1225 2474 pertinentibusvitam
1243 2394 1365 2463 ducent,
1400 2468 1404 2478 Ι

222 2486 330 2564 quibus
341 2488 465 2568 proinde
473 2496 621 2570 perpetuo
631 2489 836 2550 interdicimus
846 2491 1073 2550 Sacramentum
1082 2489 1260 2570 poenitentia
1269 2495 1366 2549 extra-

222 2583 284 2643 ne'is
296 2585 519 2664 administrare,
537 2586 583 2647 vel
596 2584 774 2667 predicare,
794 2587 1051 2666 quemadmodum
1064 2587 1127 2667 ipse
1142 2585 1234 2647 etiarn
1248 2587 1365 2663 Grego-

221 2679 281 2740 rius
291 2683 328 2740 X.
341 2682 544 2743 Praedeoessor
555 2682 587 2742 in
600 2683 693 2744 citato
705 2683 836 2762 generali
851 2684 981 2745 Concilio
994 2684 1082 2744 simili
1094 2684 1186 2745 modo
1199 2682 1362 2763 probibuit.

221 2779 284 2849 Qua
301 2777 338 2837 de
352 2796 385 2837 re
397 2778 532 2856 ipsorum
543 2777 761 2857 Episcoporum
775 2796 936 2839 oneramus
949 2781 1182 2855 conscientiam,
1200 2799 1276 2858 quos
1295 2798 1364 2839 me-

221 2891 320 2933 mores
333 2873 470 2952 cupimus
488 2873 681 2933 severissimae
695 2873 773 2934 illius
792 2874 935 2952 rationis,
954 2895 1047 2954 quarn
1071 2876 1109 2936 de
1131 2860 1237 2936 ovibus
1258 2894 1363 2938 corum

221 2988 300 3029 cura
317 2969 483 3030 commissis
504 2973 566 3029 Deo
576 2977 647 3030 sunt
660 2970 822 3048 reddituri,
837 2978 867 3032 et
881 2971 1030 3034 durissimi
1045 2971 1136 3032 etiam
1150 2971 1224 3032 illud
1240 2971 1362 3049 judicii,

221 3063 303 3141 quod
316 3064 367 3141 iis,
382 3064 433 3143 qui
447 3070 592 3143 praesunt,
606 3083 765 3145 supremus
782 3068 932 3146 virorum,
949 3076 979 3129 et
993 3075 1180 3130 mortuorum
1198 3069 1293 3130 ludex
1308 3072 1364 3132 mi-

220 3169 320 3221 natur.
1281 3220 1284 3224 ,

228 3278 229 3284 “
262 3269 309 3318 31.
326 3258 473 3319 Volumus
487 3263 650 3339 praeterea,
671 3259 754 3339 quod
765 3260 789 3320 si
800 3261 867 3340 quis
886 3264 1074 3342 eorum,qui
1095 3263 1251 3326 societatis
1272 3261 1363 3322 lnsti-

219 3363 320 3418 tntum
331 3356 560 3438 profitebantur,
575 3374 686 3418 munus
695 3364 831 3418 exerceat
839 3359 993 3420 erudiendi
1006 3359 1035 3420 in
1047 3359 1153 3421 litteris
1161 3360 1360 3437 juventutem,

219 3460 272 3514 aut
286 3453 461 3532 Magistrum
475 3459 543 3532 agat
560 3453 591 3513 in
608 3453 708 3533 aliquo
723 3454 868 3533 Colleglo,
885 3462 938 3537 aut
948 3456 1067 3534 schola,
1079 3456 1201 3518 remotis
1214 3456 1332 3535 penitus
1344 3475 1362 3515 a

219 3552 377 3631 regimine,
389 3552 661 3630 administratione,
672 3560 702 3613 et
713 3553 858 3630 gubernio
868 3598 876 3627 ,
887 3553 922 3613 iis
931 3559 1050 3615 tantum
1062 3553 1092 3614 in
1102 3553 1228 3614 docendi
1237 3570 1362 3613 munere

218 3651 303 3710 locus
322 3649 375 3710 fiat
394 3649 622 3730 perseverandi,
642 3656 672 3711 et
683 3656 835 3731 potestas,
856 3651 908 3731 qui
929 3652 968 3713 ad
988 3653 1064 3713 bene
1077 3653 1115 3712 de
1128 3651 1190 3714 suis
1208 3650 1362 3712 laboribus

220 3747 401 3827 sperandum
415 3747 532 3827 signum
546 3747 667 3827 aliquod
679 3747 887 3829 praeseferant,
902 3754 932 3809 et
946 3747 1111 3810 dummodo
1126 3749 1164 3810 ab
1178 3749 1235 3810 illis
1249 3747 1361 3808 alienos

218 3867 250 3909 sc
261 3849 412 3929 prebeant
426 3847 695 3928 disputationibus,
709 3855 740 3909 et
751 3846 892 3908 doctrina
902 3848 1067 3929 capitibus,
1080 3866 1146 3927 quae
1158 3866 1213 3909 sua
1226 3846 1272 3908 vel
1282 3845 1360 3918 laxi·
1388 3832 1391 3836 λ

218 3952 296 4024 tato,
309 3947 355 4006 vel
377 3947 521 4009 inanitate
540 3947 733 4026 gravissimas
746 3945 968 4023 contentiones,
992 3953 1022 4007 et
1045 3944 1238 4007 incommoda
1252 3961 1360 4024 parere

217 4045 330 4122 solent,
345 4052 377 4106 et
386 4064 544 4126 procreare
551 4070 560 4123 3
571 4064 627 4107 nec
638 4046 699 4107 ullo
711 4063 844 4127 unquam
854 4051 989 4125 tempore
1002 4045 1040 4106 ad
1050 4044 1221 4123 hujusmodi
1232 4043 1359 4109 docendi

216 4163 327 4206 munus
338 4145 358 4207 ii
369 4147 575 4223 admittantur,
584 4145 630 4207 vel
641 4145 672 4206 in
683 4163 736 4222 eo,
747 4144 771 4206 si
780 4150 938 4205 nuncactu
949 4149 1115 4220 versantur,
1128 4161 1214 4205 suam
1223 4141 1360 4207 sinantur

216 4250 357 4323 prestare
379 4261 519 4324 operam,
542 4245 594 4323 qui
616 4243 787 4304 scholarum
800 4241 950 4321 quietem,
971 4259 1006 4301 ac
1022 4240 1173 4320 publicam
1187 4238 1359 4318 tranquilli-

217 4343 310 4399 tatem
323 4358 385 4401 non
399 4346 468 4402 sunt
478 4359 535 4421 pro
549 4340 661 4402 viribus
673 4337 887 4400 conservaturi.
1279 4395 1280 4401 ,

258 4445 306 4495 3².
319 4437 406 4510 Quod
420 4455 490 4498 vero
507 4437 545 4498 ad
557 4456 657 4500 sacras
670 4437 775 4498 attinet
793 4435 967 4513 missiones,
987 4454 1116 4515 quarum
1137 4435 1230 4499 etiam
1242 4435 1357 4496 ratione

217 4532 407 4613 intelligenda
421 4537 573 4614 volumus,
586 4554 781 4616 quacumque
799 4534 838 4595 de
849 4534 1007 4596 societatis
1023 4534 1234 4619 suppressione
1252 4533 1362 4614 dispo-¹
