3188 5414
645 488 845 544 CLEMENTIS
864 489 928 544 XlV
977 530 980 537 ,

719 607 847 704 couvi.

595 719 598 722 ’
627 743 814 808 vanuaamm
839 747 961 788 rasam.

293 839 496 898 EMMERICO
516 839 684 901 JOSEPHO
705 841 1005 902 ARCHIEPISCOPO
1026 842 1282 914 MOGUNTlNO,

528 957 553 1002 s.
578 957 607 1004 a.
634 959 653 1004 ι,
679 957 845 1005 rarucrrr
870 956 1065 1016 uasorum,

496 1053 754 1132 CLEMENS
802 1056 935 1132 ΡΑΡΑ
977 1054 1090 1130 XlV.

966 1197 1063 1255 noma,
1075 1201 1088 1244 5
1101 1195 1214 1245 februarii
1234 1201 1300 1247 1774,

262 1282 462 1350 Venerabilis,
477 1288 534 1343 etc.
557 1284 702 1362 Pergratae
715 1284 808 1359 Nobis
828 1283 949 1345 luerunt
962 1284 1169 1344 Fratemitatis
1186 1291 1246 1346 tuae
1259 1287 1365 1348 littera.

218 1382 266 1442 die
282 1394 312 1442 tt
330 1381 468 1461 praeteriti
479 1382 589 1443 mensis
599 1381 730 1443 octobris
740 1382 832 1457 datae',
842 1382 967 1462 quibus,
982 1381 1064 1461 quod
1074 1387 1162 1443 tuum
1173 1391 1251 1443 esset
1263 1384 1294 1443 in
1304 1387 1363 1446 Nos

219 1487 309 1559 atque
329 1478 359 1538 in
374 1479 515 1538 Sanctam
529 1478 607 1538 banc
627 1477 734 1538 Sedem
746 1477 877 1538 studium
898 1477 1077 1557 singularem
1091 1477 1121 1538 in
1136 1478 1262 1539 modum
1277 1499 1365 1542 com‹

218 1575 364 1656 probasti.
379 1576 424 1635 Ac
444 1573 567 1634 aNobis
587 1573 708 1654 quidem
728 1592 923 1655 responsum,
939 1573 1125 1635 Venerabilis
1146 1577 1262 1653 Frater,
1276 1579 1363 1656 quale

219 1671 350 1732 maxime
364 1670 470 1746 velles,
485 1669 586 1730 statim
605 1670 744 1749 tulisses,
760 1688 795 1731 ac
811 1677 958 1750 quantum
976 1688 1111 1732 essemus
1125 1671 1169 1732 tui
1187 1673 1253 1750 ejus
1275 1673 1362 1734 officii

219 1784 386 1842 memores,
401 1765 513 1846 tibique
533 1772 692 1846 propterea
716 1767 851 1828 obstricti
868 1757 1021 1839 luculenta
1038 1767 1149 1828 amoris
1171 1767 1203 1828 in
1226 1776 1256 1830 te
1271 1771 1362 1832 nostri

219 1861 434 1942 significatione
452 1862 516 1940 jam
533 1868 598 1923 tum
613 1862 712 1924 testati
737 1862 912 1937 fuissemus3
935 1866 1072 1928 sedcum
1093 1867 1244 1929 adnexum
1259 1866 1365 1929 iisdem

132 1966 134 1970 '
219 1962 279 2044 tuis
298 1961 403 2022 litteris
419 1961 524 2023 folium
537 1960 701 2041 plurimum
720 1967 754 2022 ut
766 1979 821 2041 par
836 1969 918 2037 erat,
936 1963 1028 2024 Nobis
1048 1970 1078 2025 et
1098 1964 1270 2025 molestiam
1288 1973 1319 2026 ct
1336 1965 1365 2025 in

220 2064 375 2121 auctorem
389 2056 555 2137 inquirendi
569 2074 673 2118 curam
686 2056 830 2118 attulisset
844 2056 1061 2137 aliquantulum
1080 2061 1168 2140 spatii
1185 2060 1367 2122 sumendum

219 2157 378 2234 duximus,
392 2165 425 2219 ut
442 2175 512 2218 cum
529 2162 645 2217 certum
658 2154 770 2235 aliquid
787 2156 1034 2236 exploratumque
1057 2156 1095 2218 dc
1116 2163 1239 2219 auctore
1258 2156 1368 2239 dopre-

220 2254 419 2316 henderemns
435 2254 533 2315 minus
546 2253 722 2334 perturbato
742 2252 842 2313 animo
863 2253 1064 2332 gratissimam
1078 2254 1131 2314 tibi
1154 2261 1292 2316 nostram
1313 2272 1367 2316 xo-

221 2352 366 2412 luntatem
377 2350 572 2411 deferremus.
583 2347 718 2410 Tandem
727 2367 797 2410 cum
805 2366 841 2409 eo
848 2367 897 2410 res
907 2349 1108 2429 adductajam
1117 2350 1167 2428 sit,
1178 2350 1368 2413 utaltirmarc

221 2467 316 2529 prope
329 2454 411 2508 certo
425 2446 576 2528 possimus
588 2446 656 2526 quis
667 2445 853 2507 conficiendo
866 2445 908 2506 illi
925 2446 996 2508 lolio
1010 2466 1132 2529 operam
1150 2449 1291 2525 navavit,
1305 2448 1368 2530 plu·

221 2546 314 2606 rimas
327 2543 438 2603 babere
461 2543 522 2603 Nos
542 2541 597 2602 tibi
617 2541 657 2602 ob
672 2547 760 2602 tuum
777 2541 925 2619 ejusmodi
944 2543 975 2603 in
996 2545 1057 2603 Nos
1070 2544 1213 2605 collatum
1232 2543 1368 2605 officium

221 2636 333 2718 gratias
349 2645 438 2718 atqua
453 2636 491 2698 ad
505 2636 664 2718 pristinum
679 2643 816 2698 nostrum
829 2654 900 2716 erga
919 2638 954 2698 te'
970 2639 1104 2699 animum
1125 2639 1293 2700 maximam
1311 2639 1369 2700 boc

221 2737 410 2821 potissimum
430 2737 551 2799 nomine
562 2735 723 2797 Pontificio
737 2732 870 2796 caritatis
882 2736 1083 2797 accessionem
1096 2735 1208 2797 factam
1225 2753 1292 2798 esse
1303 2754 1370 2817 per

221 2837 324 2918 spicue
332 2824 519 2917 profitemur.
531 2833 615 2909 Quod
625 2833 699 2894 dum
708 2830 824 2914 prolixe
837 2830 975 2910 facimus,
988 2836 1041 2894 tua
1050 2850 1130 2894 nunc
1141 2839 1204 2895 tam
1212 2839 1371 2912 perspecta

219 2936 251 2996 in
262 2937 322 2997 Nos
332 2935 444 3017 pietate
456 2933 577 3009 contisi,
590 2932 703 3013 quanto
714 2933 1015 3012 possumus,paterni
1026 2932 1117 2993 animi
1131 2931 1236 2994 ardore
1251 2934 1371 2993 Frater-

221 3034 349 3095 nitatem
360 3031 445 3095 tuam
461 3031 490 3094 in
505 3030 633 3093 Domino
648 3030 805 3093 hortamur
819 3035 850 3091 et
862 3029 1055 3092 obsecramus
1063 3075 1072 3108 ,
1092 3035 1126 3091 ut
1142 3029 1235 3091 'animi
1248 3029 1291 3090 tui
1304 3027 1372 3090 for-

222 3132 382 3193 titudinem
407 3131 547 3212 illamque
565 3129 671 3209 agendi
684 3129 745 3189 vim
757 3174 765 3207 ,
779 3146 844 3208 que
859 3128 918 3189 tuae
938 3126 1069 3188 mammo
1089 3124 1278 3208 amplitudini
1290 3143 1372 3185 con-

224 3221 319 3305 venit,
343 3228 438 3307 magis
461 3227 615 3307 magisque
630 3225 756 3302 excites,
780 3231 870 3305 atque
892 3222 1028 3286 intendas
1049 3223 1088 3287 ad
1104 3224 1240 3287 Ecclesia
1259 3240 1371 3303 pacem

223 3320 431 3406 unitatemque
449 3320 608 3400 tuendam,
627 3320 873 3402 desqueoperam
891 3340 948 3402 pro
967 3320 1043 3381 virili
1064 3327 1117 3382 tua
1134 3327 1238 3401 parte,
1255 3325 1289 3380 ut
1306 3321 1372 3380 Ec-

223 3421 318 3484 clesioe
330 3419 481 3484 mandatis
492 3439 597 3483 omnes
614 3420 837 3501 obtemperent,
856 3439 991 3502 quosque
1000 3420 1137 3499 ejusdem
1150 3417 1371 3495 mansuetudo,

224 3538 260 3582 ac
273 3519 379 3581 lenitas
397 3523 457 3587 non
476 3519 585 3596 flectit,
605 3520 671 3600 ipsa
686 3519 806 3590 tandem
816 3527 1007 3600 compescat,
1028 3526 1058 3581 et
1078 3519 1117 3581 ad
1126 3517 1373 3599 obsequium‘rc-

224 3623 310 3706 vocet
326 3605 496 3680 auctoritas.
515 3616 549 3679 ld
569 3617 710 3698 equidem
722 3618 813 3679 Nobis
827 3618 992 3679 certissime
1010 3618 1186 3699 pollicemur
1205 3617 1244 3678 de
1262 3617 1373 3677 virtute

225 3723 314 3795 atque
328 3712 418 3774 animi
431 3713 474 3774 tui
490 3712 711 3792 magnitudine,
724 3713 821 3794 deque
832 3731 884 3791 ea,
896 3732 956 3793 qua
967 3713 997 3774 in
1008 3714 1087 3775 Petri
1104 3713 1284 3776 Catbedram
1304 3713 1373 3773 ani-

225 3817 325 3872 matus
332 3829 365 3872 es
377 3811 539 3890 voluntate,
553 3812 639 3891 cujus
648 3811 779 3890 egregia,
791 3817 879 3893 teque
891 3811 980 3893 digna
990 3813 1053 3891 jam
1062 3815 1123 3875 Nos
1134 3813 1247 3874 babere
1261 3811 1373 3873 indicia

224 3928 260 3970 ac
270 3909 524 3990 pignora'summa
534 3928 605 3971 cum
616 3911 769 3990 voluptate
781 3909 980 3990 agnoscimus.
992 3914 1056 3972 Hac
1064 3909 1201 3992 profecto
1212 3909 1332 3971 ratione
1344 3917 1373 3971 et
1416 3977 1420 3982 ,

225 4007 480 4089 praeclarissimam
491 4007 546 4068 tibi
569 4008 705 4085 laudem,
721 4013 811 4087 atque
828 4009 1044 4089 amplissimam
1061 4008 1189 4088 gloriam
1206 4024 1374 4088 compara-

224 4105 318 4184 veris,
336 4112 367 4167 et
387 4103 591 4167 incredibilem
610 4104 641 4165 in
657 4103 783 4166 modum
797 4106 995 4168 cumulaveris
1011 4107 1152 4168 eximiam
1171 4125 1232 4187 qua
1252 4112 1282 4166 te
1296 4125 1374 4187 pro-

225 4203 377 4283 sequimur
397 4202 462 4284 pari
483 4220 554 4263 cum
578 4201 798 4282 existimatione
819 4204 1011 4282 conjunctam
1030 4204 1199 4266 caritatem.
1225 4206 1260 4264 ln
1283 4206 1374 4284 cujus

225 4300 345 4362 uberius
355 4308 566 4382 argumentum
575 4300 770 4382 apostolicam
779 4301 1015 4365 benedictionem
1025 4303 1090 4382 tibi,
1100 4303 1287 4365 Venerabilis
1296 4305 1375 4366 Fra-

228 4405 284 4483 ter,
299 4395 415 4479 tuaque
429 4397 497 4463 fidei
518 4399 685 4461 commissis
698 4400 816 4480 populis
835 4410 1025 4481 peramanter
1040 4401 1240 4484 impertimur.
1258 4404 1376 4464 Datum

227 4498 341 4567 Raram,
362 4508 431 4572 etc„
456 4501 505 4562 die
526 4500 703 4576 tsebruurtt
727 4514 816 4581 1774,
834 4507 1022 4580 pontificatus
1036 4509 1127 4564 nostri
1151 4521 1232 4564 uano
1254 4508 1377 4581 quinto.
