3188 5414
379 494 562 549 EPISTOLAE
579 492 627 547 ΕΤ
643 493 779 548 nnuvm
796 494 1033 549 SELECTlORA.
1247 501 1280 568 38

133 599 283 663 nitatisae
300 597 458 678 patrocinii
473 616 527 678 spe
541 596 686 659 revocati.
700 600 734 659 ln
755 615 816 678 qua
828 597 952 678 quidem
972 598 1135 678 redempti
1157 598 1281 663 minime

132 703 219 773 sunt3
242 695 344 766 vident
353 695 435 757 enim
446 713 479 757 se
494 693 581 757 isthic
599 701 708 775 pacata
726 712 816 775 posse
834 694 898 774 sub*
911 696 1011 758 tutela
1023 701 1084 759 tuae
1102 696 1281 771 auctoritate

133 793 307 859 consistere.
325 795 423 867 Quare
441 792 591 870 maiorem
610 791 643 854 in
662 791 789 854 modum
802 791 1016 869 Gelsitudinem
1031 799 1118 856 tuam
1136 794 1281 859 obsecra-

131 909 212 968 mus‚
228 897 261 957 ut
273 890 483 962 eosdemtueri
498 909 534 953 ac
546 888 647 968 favere
657 908 777 970 pergas,
786 908 917 970 quorum
926 891 1070 972 probitati
1079 890 1190 954 lavisse
1200 911 1281 953 nun-

131 989 414 1069 quamtepoenitere
422 986 544 1069 poterit.
553 986 630 1049 Illud
640 993 787 1067 preterea
794 993 912 1049 certum
918 986 1044 1050 libiesse
1050 988 1153 1066 debet,
1162 988 1280 1063 ¹nulliun

130 1086 161 1151 in
175 1105 229 1153 eos
240 1106 313 1167 erga
324 1093 355 1153 te
369 1085 498 1151 conferri
513 1084 694 1149 beneficium
706 1104 816 1165 posse,
834 1084 918 1165 quod
939 1085 970 1149 in
990 1087 1051 1162 Nos
1071 1085 1166 1165 etiam
1185 1087 1281 1151 colla-

131 1191 198 1247 tum
211 1204 277 1248 esse
294 1203 356 1248 non
370 1192 512 1266 putemus
521 1184 683 1265 ‚-quodque
693 1200 787 1264 quam
797 1190 933 1263 gratoac
945 1182 1074 1260 memori
1092 1183 1281 1263 excipiamus

134 1283 255 1362 animo,-
270 1283 382 1364 siquid
397 1285 428 1346 in
443 1290 599 1365 posterum
616 1280 774 1359 inciderit,
786 1299 847 1363 quo
869 1280 901 1342 id
920 1279 1027 1361 testari
1038 1279 1095 1362 ¹tibi
1108 1281 1262 1347 valeamus
1270 1327 1280 1360 ,

133 1380 328 1462 reipsatacile
341 1382 499 1461 intelliges.
513 1373 637 1444 lute'rim
656 1397 834 1460 persuasum
850 1378 904 1443 tibi
919 1378 1051 1444 maxime
1068 1376 1281 1463 boecupimus

131 1478 257 1543 eximias
269 1479 362 1543 animi
372 1479 416 1542 tui
430 1478 519 1544 dotes
528 1484 562 1550 et
571 1474 693 1556 agnosci
705 1494 724 1537 a
735 1474 835 1555 nobis,
849 1481 880 1538 et
890 1475 1013 1557 plurimi
1022 1475 1165 1539 estimari
1173 1521 1181 1562 2
1191 1477 1281 1560 obse·

130 1577 268 1657 erarique
280 1581 377 1641 mum
396 1580 465 1657 Opt.
479 1579 561 1641 Max.
576 1581 610 1638 ut
623 1580 654 1637 te
671 1573 813 1639 omnibus
831 1572 919 1638 bonis
932 1574 1107 1657 cumulare,
1124 1593 1160 1637 ac
1181 1574 1220 1658 ad
1236 1573 1281 1639 in-

130 1677 338 1741 columitatem
356 1682 447 1756 atque
462 1672 691 1756 amplitudinem
701 1690 780 1737 verae
794 1690 830 1736 ac
845 1671 948 1734 solide
960 1671 1114 1737 felicitatis
1127 1672 1283 1747 accessio,

129 1793 199 1841 nem
216 1775 282 1839 lieri
293 1776 375 1840 velit.
391 1777 627 1848 natum-nome,
637 1779 707 1847 etc,
718 1772 770 1832 die
787 1781 824 1836 ta
838 1775 964 1849 assumti
981 1781 1075 1852 1769„
1085 1775 1280 1852 pontificatus

128 1879 224 1937 nostri
236 1891 318 1937 anno
329 1877 441 1952 primo.
524 1878 526 1881 ’
1063 1897 1065 1901 ·

618 1980 793 1994 *un—-

437 2029 441 2036 ’
496 2035 498 2039 ’
635 2079 769 2149 xxvii.

259 2300 261 2304 Ι
467 2226 599 2279 uriecro
619 2237 707 2280 simo
731 2239 841 2281 nosris
864 2226 938 2281 vrbo
1009 2228 1056 2298 J
1146 2231 1151 2241 '

330 2320 1070 2418 urrunnunrmncirrrucusmu'
1175 2329 1180 2336 ’

432 2472 671 2551 CLEMENS
698 2477 827 2553 PAPA
842 2476 964 2554 ·X·1V.·
993 2516 997 2521 -

835 2638 934 2697 Rome,
946 2641 961 2686 9
975 2624 1116 2700 septembris
1131 2608 1207 2695 ilco..

168 2698 306 2824 Dilecte,
323 2747 381 2802 etc.
396 2704 676 2827 Incredibileplane
687 2740 833 2821 gaudium
850 2742 1016 2805 attulerunt
1029 2743 1122 2826 Nobis
1137 2749 1197 2804 ture
1217 2724 1283 2806 exi-

127 2839 196 2916 miis
211 2840 242 2902 in
253 2841 315 2900 Nos
327 2845 360 2900 et
373 2837 571 2918 apostolicam
583 2827 663 2899 hanc
677 2856 730 2900 seu
744 2838 848 2916 sedem
861 2838 959 2902 filialis
971 2839 1168 2902 observantie
1182 2839 1280 2917 signi-

127 2936 318 2999 ficationibus
340 2935 471 3013 insignes
489 2934 613 3011 littere,
630 2935 740 3013 quibus
762 2934 864 2996 divina
885 2954 943 3017 ope
966 2936 1121 3015 agnovisse
1142 2943 1172 2999 te
1185 2936 1282 3021 refers

129 3032 362 3113 protestantium
374 3049 507 3105 errores,
528 3036 619 3111 atque
629 3050 722 3106 unam
739 3030 873 3096 veritatis
886 3032 1035 3111 etsalutis
1049 3050 1150 3127 arcem
1170 3032 1279 3097 catho-

126 3131 217 3195 licam
228 3147 293 3193 esse
306 3129 488 3207 Ecclesiam,
497 3147 598 3209 eoque
614 3129 682 3210 ipso
692 3129 758 3207 die,
772 3147 836 3210 quo
850 3134 917 3210 tam
924 3127 1024 3191 fututa
1035 3129 1075 3209 ue
1093 3136 1124 3192 te
1138 3136 1202 3213 tam
1211 3130 1280 3194 laeta
1296 3183 1299 3190 .

126 3246 163 3289 ac
169 3227 305 3308 jucunda
313 3227 407 3291 Nobis
417 3225 704 3308 perscribebas„qui
716 3226 781 3298 dies
795 3225 983 3308 invictissimi
996 3227 1138 3310 martyris
1147 3229 1277 3312 Lauren

19 3365 22 3371 ,
125 3324 1276 3414 tii,cuiusnomeullosgessimumpugnamprolideactriumphumrepolit

127 3423 265 3502 abjurata
290 3424 346 3487 rite
361 3423 484 3497 lutheri
502 3430 586 3488 secta
610 3423 649 3485 ml
670 3423 974 3505 hujussauctissimae
985 3430 1096 3509 nostre
1109 3425 1214 3487 Matris
1233 3426 1278 3489 si-.
1298 3474 1300 3478 .

127 3538 200 3580 num
215 3521 356 3583 omuibus
366 3521 508 3583 humanis
521 3512 701 3601 posthabitis
716 3520 884 3582 rationibus
896 3521 1078 3602 confugisse.
1092 3521 1171 3609 Quid
1185 3523 1278 3585 Nobis

127 3617 314 3698 exoptatius,
328 3618 402 3697 quid
420 3620 573 3699 acceptius
585 3617 724 3680 accidere
742 3637 879 3698 unquam
892 3619 1009 3698 potuit,
1024 3638 1117 3700 quam
1138 3602 1279 3698 suscepta

127 3715 284 3777 catholicae
298 3715 429 3778 veritatis
442 3715 637 3797 persuasione
658 3714 766 3778 animae
788 3722 848 3776 tuae
867 3715 1067 3777 incolumitati
1081 3717 1199 3796 egregie
1216 3722 1279 3776 ate

127 3814 311 3893 consultum,
321 3815 553 3893 verumqueNos
564 3832 599 3875 ac
609 3831 627 3874 a
636 3808 698 3874 Deo
705 3811 901 3874 constitutum
912 3812 1027 3874 visibile
1038 3814 1179 3876 Ecclesiae
1188 3819 1279 3893 caput

126 3912 201 3989 coli,
222 3931 259 3974 ac
277 3913 308 3974 in
325 3919 483 3993 parentem
494 3919 582 3973 tunm
593 3910 734 3991 agriosei,
749 3903 982 3990 tequeinvioem
1003 3910 1129 3973 aNobis
1141 3918 1278 3973 nostrum

126 4010 428 4090 compellentium,
445 4009 476 4071 in
486 4017 524 4072 te
536 4009 904 4091 pontificiampiatatem,
918 4007 1175 4093 beneuolentiam‚
1197 4007 1279 4067 cari-

126 4102 279 4193 tatemque
294 4126 416 4187 omnem
436 4107 595 4187 collocarit
608 4107 735 4191 Mirifice
757 4105 870 4192 idcirco
893 4104 986 4187 animi
1002 4105 1191 4185 jucunditate
1207 4124 1279 4184 per-

127 4203 197 4280 susi,
212 4204 344 4285 primum
354 4205 489 4267 omnium
503 4204 653 4284 bonorum
667 4203 801 4283 largitori
814 4205 888 4282 Deo,
901 4203 952 4283 qui
965 4210 996 4264 te
1010 4201 1128 4263 vocavit
1140 4201 1170 4260 in
1185 4201 1278 4263 admi-

52 4375 55 4381 ,
87 4288 90 4294 ¹
127 4302 221 4375 rabile
234 4301 337 4365 lumen
357 4322 465 4380 suum,
481 4320 614 4364 summas
627 4301 774 4363 habemus
796 4298 1009 4362 ae'reddimus
1026 4298 1156 4377 gratias,
1172 4306 1235 4362 tarn
1249 4308 1279 4360 et

128 4399 402 4462 cornmissaeNobis
415 4401 572 4480 Ecclesiae,
587 4420 654 4482 quae
665 4401 739 4461 dum
751 4398 782 4459 in
794 4418 883 4461 suurn
898 4405 927 4460 te
942 4398 1118 4459 redeuntem
1130 4400 1278 4478 gremium

128 4497 322 4578 cupidissime
345 4498 473 4579 excipit,
496 4499 550 4567 tali
569 4506 711 4578 tantaque
735 4497 904 4560 accessione
919 4502 1042 4561 auctam
1057 4514 1089 4561 se
1106 4498 1232 4577 gaudet,
1249 4504 1279 4558 et
