3188 5414
338 531 391 582 att
765 522 966 579 CLEMENTlS
985 523 1052 579 xlv

335 637 398 707 ret,
413 649 449 693 ae
463 629 598 708 eiusdem
609 627 728 690 Ordinis
742 628 886 690 unitatem
899 645 1016 709 semper
1033 645 1087 708 per
1098 624 1400 705 generaliaeapitula
1415 645 1492 688 corr-

336 728 489 789 firmatam
499 724 725 805 quodammodo
738 723 923 802 disjungeret
935 742 970 786 ac
984 724 1122 786 solveret.
1136 722 1190 784 llla
1201 728 1350 802 praeterea
1360 723 1494 787 utilitate
1566 753 1568 758 ·

337 822 585 887 tunocarendum
596 827 689 898 esset,
702 838 770 900 quae
782 820 932 901 precipua
946 839 983 882 ex
994 819 1129 882 omnium
1144 817 1303 880 nationum
1317 819 1493 882 celebn'tate

337 920 376 983 de
390 920 527 985 ministro
540 917 672 998 generali
690 917 820 979 creando
838 924 956 978 tautum
971 916 1080 996 agitur,
1095 914 1197 977 sedec
1211 915 1441 996 opportunitate
1461 917 1493 978 in

337 1038 498 1083 commune
508 1019 600 1082 etiam
612 1016 788 1093 consulitur,
802 1015 826 1076 si
841 1015 914 1095 quid
923 1013 1166 1090 reformandum,
1179 1012 1395 1092 corrigendum
1406 1012 1446 1076 sit
1457 1033 1493 1076 ac

337 1116 375 1182 de
388 1117 504 1197 integro
523 1115 736 1192 statuendum,
750 1113 824 1194 quid
846 1120 998 1194 tempora,
1013 1111 1086 1192 quid
1099 1111 1294 1175 necessitates
1307 1118 1492 1193 exposcant,

337 1213 526 1294 cognoscitur
545 1212 584 1275 ab
599 1212 739 1276 omuibus
756 1220 787 1275 et
800 1212 980 1274 decernitur.
1000 1211 1180 1292 Exemplum
1200 1230 1293 1293 porro
1317 1212 1349 1272 S.
1364 1213 1409 1273 Μ.
1425 1213 1493 1275 Gle-

338 1310 521 1377 mentisVll
545 1307 773 1373 Prauecessoris
801 1307 895 1371 nostri
918 1308 1001 1388 quod
1031 1307 1137 1385 allers,
1160 1307 1350 1370 Venerabilis
1373 1309 1493 1383 Frater,
1546 1300 1548 1305 ’

337 1407 484 1485 majorem
505 1405 598 1466 habet
611 1403 746 1486 prolecto
762 1404 800 1466 ad
814 1407 874 1466 Nos
892 1425 910 1467 a
926 1406 1145 1487 compromisso
1162 1405 1386 1484 deducendos,
1400 1425 1495 1488 quam

338 1502 376 1563 ad
386 1503 466 1563 idem
476 1501 671 1582 impellendos
680 1501 752 1562 rim.
764 1503 838 1563 Cum
850 1502 932 1564 enim
943 1505 1035 1566 semel
1046 1505 1178 1585 capitula
1188 1505 1342 1584 generalia
1356 1523 1493 1586 persnas

341 1599 371 1659 in
389 1598 488 1659 forma
501 1598 603 1660 Brevis
624 1597 738 1659 litteras
756 1616 825 1659 cum
847 1600 1056 1681 compromissi
1070 1601 1118 1663 via
1131 1606 1367 1678 commutasset,
1381 1620 1420 1663 ea
1431 1608 1492 1663 sta-

339 1695 394 1755 tim
407 1701 568 1755 consecuta
581 1701 650 1755 sunt
663 1713 730 1782 quae
743 1694 841 1775 ipsum
863 1696 901 1757 ad
917 1696 1088 1758 revocanda
1107 1697 1229 1759 comitia
1242 1696 1396 1777 generalia
1418 1698 1492 1759 abo-

339 1795 520 1875 lendumque
544 1793 796 1876 compromissum
817 1794 1019 1875 impulerunt,
1039 1800 1072 1856 ut
1093 1801 1177 1876 patet
1194 1813 1232 1856 ex
1245 1793 1384 1872 ejusdem
1403 1813 1492 1856 cous-

339 1890 476 1952 titutione
494 1889 525 1951 in
538 1889 636 1952 forma
646 1889 748 1952 Brevis
760 1889 808 1951 die
822 1891 848 1950 ll
859 1890 985 1970 Augusti
1005 1899 1081 1952 tata
1093 1936 1101 1967 ,
1114 1889 1265 1971 dataque
1277 1889 1385 1970 incipit
1402 1890 1492 1950 «Nu-

341 2006 395 2067 per
414 1986 568 2068 cupientes
579 2008 609 2046 r.
625 1986 701 2049 lllud
711 1992 856 2067 praeterea
872 1987 903 2048 iu
914 1988 972 2049 bac
982 1987 1158 2068 gravissima
1172 2006 1205 2049 re
1224 1988 1393 2049 verendum
1404 1987 1494 2050 Nobis

339 2093 401 2163 est,
414 2085 536 2166 nequid
549 2093 662 2147 temere
674 2084 781 2147 fecisse
795 2084 964 2159 videamur,
975 2086 1000 2146 si
1011 2085 1153 2147 nimirum
1162 2091 1280 2167 partes,
1293 2103 1429 2165 quarum
1443 2084 1491 2144 in-

339 2189 447 2260 terest,
464 2201 525 2244 uon
546 2182 653 2244 auditae
672 2202 690 2244 a
710 2182 803 2244 Nobis
824 2188 894 2244 ante
914 2181 1035 2260 fuerint,
1056 2182 1252 2262 omniumque
1274 2182 1305 2243 in
1331 2199 1493 2244 commune

340 2279 561 2341 consulentiurn
581 2279 733 2341 sententia
761 2297 824 2340 non
846 2281 1017 2360 explorata.
1041 2282 1145 2359 ltaque
1167 2278 1356 2341 Venerabilis
1380 2281 1494 2356 Frater,

219 2384 225 2402 ‘
341 2394 376 2437 ex
390 2375 438 2435 bis
456 2374 570 2457 optime
586 2375 669 2437 vides
681 2375 800 2437 nullum
813 2394 831 2436 a
845 2376 937 2437 Nobis
956 2393 1038 2437 nunc
1057 2374 1216 2437 eonsilium
1228 2374 1341 2456 suscipi
1353 2383 1495 2456 oportere

341 2472 394 2534 scd
407 2472 627 2554 expectandum
636 2479 798 2553 propterea
809 2473 902 2535 videri
915 2473 1043 2554 proximi
1057 2472 1185 2554 Capituli
1195 2473 1351 2536 Generalis
1362 2480 1494 2556 ternpus

343 2571 375 2630 ln
385 2569 437 2630 illo
449 2568 475 2631 si
486 2587 542 2649 pru
553 2569 773 2651 compromisso
790 2569 974 2652 praepositae,
986 2589 1139 2652 expensae,
1152 2571 1349 2653 probataque
1360 2573 1497 2635 rationes

341 2666 467 2745 fuerint,
481 2671 572 2746 atque
585 2665 624 2729 ad
634 2666 784 2744 judicium
796 2673 934 2730 nostrum
945 2686 1000 2750 per
1010 2669 1146 2748 ejusdem
1159 2667 1283 2749 capituli
1291 2686 1402 2750 preces
1412 2668 1498 2731 dala-

341 2775 379 2827 tae
392 2772 457 2826 tum
468 2762 562 2827 Nobis
574 2761 662 2826 facile
673 2763 811 2826 futurum
824 2764 882 2827 erit
893 2783 930 2827 ea
940 2772 1091 2844 statuere,
1106 2765 1293 2846 quadivinae
1306 2764 1411 2846 gloria
1421 2764 1498 2828 ratio

341 2860 494 2942 Serapbici
511 2859 629 2922 Ordinis
640 2860 753 2923 utilitas
764 2867 796 2923 et
809 2880 972 2924 commune
987 2863 1195 2925 universorum
1205 2862 1322 2925 bonum
1334 2880 1499 2943 exposcere

341 2959 371 3020 in
385 2957 513 3020 Donuno
529 2957 720 3021 uidebuntur.
744 2961 811 3035 Qua
829 2959 953 3041 quidem
973 2960 1004 3022 in
1023 2979 1057 3022 re
1073 2960 1149 3022 dum
1169 2961 1231 3022 Nos
1252 2958 1380 3022 consilio
1393 2967 1499 3021 nostro

342 3065 491 3140 quantum
503 3057 534 3119 in
548 3057 640 3119 Nobis
656 3064 720 3133 est,
735 3062 768 3118 et
779 3057 907 3120 aliorum
917 3057 1009 3119 etiam
1028 3057 1167 3134 doctrina
1183 3055 1287 3135 facile,
1304 3055 1501 3136 acsapieutia

342 3155 424 3217 usuri
436 3172 560 3231 sumus,
573 3154 765 3235 potissimum
777 3154 879 3218 divina
890 3174 948 3236 ope
963 3174 1056 3237 quam
1067 3156 1152 3218 enixe
1162 3155 1404 3237 implorabimus,
1416 3155 1499 3218 nite-

344 3273 424 3317 mur.
441 3253 527 3327 Quod
538 3258 605 3331 jam
623 3251 662 3313 de
685 3252 810 3335 capituli
825 3252 972 3333 generalis
985 3253 1172 3334 expectanda
1189 3253 1338 3316 sententia
1347 3251 1499 3330 dicimus,

317 3430 319 3435 .
343 3349 423 3412 idem
436 3350 529 3412 etiarn
543 3350 581 3412 ad
602 3350 816 3418 Discretorium
828 3351 973 3414 Generale
986 3350 1193 3428 extendimus,
1204 3352 1231 3413 si
1244 3351 1320 3414 illud
1329 3350 1429 3432 ipsum
1442 3350 1501 3413 ba-

343 3447 442 3510 bitum
459 3454 529 3510 ante
544 3448 592 3509 tet
611 3453 684 3531 post
701 3449 839 3528 generale
857 3449 1023 3530 capitulum
1036 3449 1074 3512 dr
1087 3449 1308 3531 compromisso
1321 3447 1361 3522 ad
1371 3449 1435 3511 llos
1447 3448 1502 3512 in-

343 3546 429 3608 nixas
448 3544 633 3626 gravissimis
655 3546 755 3610 causis
770 3565 874 3628 preces
896 3547 1046 3610 detulerit.
1068 3549 1198 3610 Drmum
1211 3546 1292 3625 quod
1309 3552 1501 3628 postremum

343 3650 389 3706 est
399 3650 459 3705 tua
471 3643 604 3726 epistolar
617 3652 724 3727 caput,
738 3645 924 3707 Venerabilis
931 3647 1047 3724 Frater,
1060 3644 1090 3706 iu
1110 3665 1172 3726 quo
1184 3645 1224 3709 de
1234 3644 1422 3727 explorama
1429 3652 1501 3709 ante

343 3743 491 3826 cujusque
513 3744 683 3825 religiosam
705 3743 922 3825 professionem
938 3745 1035 3806 multo
1056 3745 1243 3822 accuratius,
1267 3761 1363 3825 quarn
1384 3743 1501 3807 lactum

343 3843 491 3905 hactenus
517 3843 572 3920 sit,
593 3843 751 3931 vocatione
764 3845 846 3925 agis,
861 3850 1001 3925 optamus
1020 3846 1082 3907 Nos
1096 3845 1245 3924 majorem
1258 3844 1290 3905 iu
1301 3841 1448 3920 medum,
1468 3851 1502 3905 ut

344 3939 376 4002 id
386 3942 479 4015 etiarn
493 3939 523 4001 in
537 3941 675 4022 proximo
687 3942 823 4024 Capitulo
832 3942 970 4005 Generali
982 3950 1195 4024 pertractetur,
1203 3941 1398 4021 rationesque
1406 3940 1502 4003 Nobis

345 4037 521 4118 afferantur,
540 4038 650 4120 quibus
666 4039 697 4111 id
710 4041 811 4121 ipsum
824 4039 938 4122 optime
952 4059 988 4103 ac
1002 4041 1158 4106 utilissime
1173 4039 1280 4107 confici
1297 4040 1406 4121 possit.
1420 4038 1502 4103 lVibil

345 4135 532 4214 dubitamus,
550 4136 737 4199 Venerabilis
751 4139 868 4214 Frater,
882 4156 939 4218 pro
952 4144 1005 4200 tua
1015 4137 1259 4220 perspectissime
1268 4137 1300 4199 in
1310 4138 1377 4200 Nos
1388 4136 1509 4218 pietate.

347 4250 381 4293 ac
397 4232 602 4312 observantia,
623 4232 698 4313 quin
715 4234 781 4297 hae
798 4234 902 4296 ornnia
915 4253 969 4312 eo,
987 4254 1050 4315 quo
1064 4235 1349 4300 maximevolumua
1366 4233 1504 4316 excipias

346 4329 447 4393 mimo
456 4377 465 4409 ,
476 4350 522 4403 ‚ac
538 4330 689 4395 existimes
706 4333 780 4395 nibil
792 4335 855 4395 Nos
867 4333 1007 4397 libentius
1024 4353 1160 4416 unquam
1178 4341 1301 4401 acturos
1310 4352 1390 4412 csse,
1406 4347 1503 4415 quun

346 4428 429 4508 quod
443 4436 473 4489 et
493 4429 645 4513 Serapbici
659 4429 776 4494 Ordinis
790 4432 892 4495 decori
910 4439 943 4495 ct
962 4433 1105 4512 preclaro
1118 4440 1172 4494 tuo
1186 4433 1218 4494 in
1237 4431 1445 4499 iuumsudb
1461 4433 1505 4496 sit

347 4533 591 4590 eousentareum.
609 4530 654 4591 Ac
672 4529 702 4591 in
721 4529 879 4608 singularis
892 4535 1000 4592 nostra
1013 4548 1087 4616 erga
1104 4537 1133 4592 te
1146 4529 1281 4619 caritatis,
1292 4529 1403 4611 μίμνε
1413 4547 1506 4611 anons
