3188 5414
234 486 284 536 rna
661 482 866 536 mensuris
883 481 949 534 xiv
982 548 984 555 Ι

231 590 293 649 sinc
307 587 437 666 plurima
452 587 536 648 istius
550 587 679 647 nationis
693 586 872 661 offensione,
889 604 924 644 ac
937 585 1020 664 gravi
1034 586 1125 646 ctiam
1136 585 1272 664 periculo
1291 586 1389 648 inter-

230 684 366 744 cedebat.
384 685 424 745 At
444 684 544 744 divino
561 684 649 763 plane
663 682 808 743 beneficio
829 681 943 742 laetum
956 699 1021 741 esse
1037 686 1198 762 putamus,
1221 689 1255 743 ut
1276 683 1387 745 eodem

230 800 305 861 pene
319 786 453 862 tempore
467 780 697 859 intelligeremus
713 797 749 839 ex
764 779 873 840 dilecto
893 778 955 840 lilio
972 778 1123 858 Stephano
1143 779 1388 858 Bargia-ncstrn

231 878 468 957 noiigregationis
484 877 521 938 de
541 875 736 957 Propaganda
752 876 824 937 Fide
842 875 1020 949 secretario,
1042 874 1080 937 ad
1095 892 1187 956 quem
1200 876 1387 938 recentiores

229 982 287 1036 tnae
309 982 508 1056 pervenerunt
522 974 643 1051 littere,
663 972 889 1043 reconciliatam
903 989 968 1032 esse
992 971 1136 1051 gratiam,
1159 990 1195 1032 ac
1217 971 1386 1035 iratemam

143 1117 147 1128 .
229 1074 334 1153 plane,
356 1093 417 1153 qua
433 1074 560 1135 invicem
581 1093 646 1135 esse
665 1071 797 1149 debetis,
813 1071 1008 1134 concordiam
1025 1070 1102 1132 inter
1121 1088 1174 1131 vos
1197 1069 1383 1132 restitutam.

228 1175 377 1245 Quantum
391 1171 478 1251 igitur
490 1171 632 1232 molestiae
643 1189 680 1232 ex
696 1170 746 1232 illo
760 1177 860 1231 vestro
878 1168 1000 1232 dissidio
1013 1173 1101 1230 antea
1109 1183 1290 1248 ceperamus
1298 1212 1307 1244 ‚
1318 1174 1385 1229 tan-

228 1275 292 1327 tum
314 1286 404 1348 porro
421 1267 526 1328 latitia
549 1267 579 1328 in
604 1274 763 1348 patemnm
778 1285 831 1328 cor
847 1273 984 1328 nostrum
1001 1283 1039 1325 ex
1058 1265 1116 1325 hac
1128 1263 1215 1325 -inita
1234 1263 1314 1325 inter
1328 1283 1385 1326 vos

228 1367 423 1428 consensione
436 1367 635 1447 promanavit.
654 1369 697 1427 Te
711 1366 850 1445 igiturne
866 1364 1071 1426 Patriarcham
1086 1370 1236 1441 vestrum,
1249 1382 1383 1444 quorum

227 1485 319 1525 causa
335 1465 551 1541 moerebamus,
561 1482 631 1525 cum
642 1463 824 1542 nunchuJ'ns
836 1462 930 1523 nostri
939 1461 1039 1542 gaudii
1054 1479 1118 1522 esse
1133 1461 1292 1523 videamus
1305 1481 1383 1524 auc-

227 1569 318 1636 tores,
329 1582 365 1622 eo
379 1560 567 1623 luculentiori
579 1561 735 1622 Pontificia
745 1560 952 1623 benevolentia
961 1556 1192 1640 complectimur
1201 1578 1237 1621 ac
1248 1561 1382 1641 plurima

228 1659 318 1719 etiam
332 1659 592 1721 commendatione
605 1679 640 1722 ac
655 1659 743 1721 lande
757 1657 963 1734 cumulamus,
979 1661 1084 1736 utpote
1097 1657 1221 1737 quinon
1234 1663 1300 1719 tam
1311 1677 1381 1721 sus-

227 1764 320 1837 cepte
332 1757 548 1833 contentionis,
565 1775 657 1838 qnam
677 1756 767 1818 officii
783 1755 888 1832 vestri,
902 1754 1079 1834 evangelicae
1091 1753 1242 1832 caritatis,
1258 1761 1289 1816 et
1299 1774 1380 1818 com

227 1853 309 1914 missi
329 1854 413 1915 vobis
429 1855 525 1934 gregis
539 1855 674 1917 utilitatis
688 1873 838 1917 memores
854 1871 919 1915 esse
930 1852 1075 1914 voluistis.
1092 1853 1285 1933 Quapropter
1297 1853 1379 1933 quod

226 1949 374 2031 reliquum
388 1958 443 2028 est,
458 1951 642 2014 Venerabilis
653 1954 768 2029 Frater,
781 1952 836 2013 etsi
849 1950 971 2011 minime
985 1949 1076 2012 Nobis
1090 1948 1218 2011 dubium
1232 1968 1299 2012 esse
1308 1968 1379 2031 pos-

226 2048 279 2123 sit,
300 2047 372 2128 quin
389 2049 455 2110 ullis
470 2049 598 2130 amplius
610 2049 821 2112 controversiis
838 2047 1054 2128 disrumpenda
1071 2064 1207 2126 unquam
1220 2046 1261 2108 sit
1272 2047 1378 2125 liujus-

225 2144 306 2205 modi
319 2152 486 2208 vestrorum
501 2147 669 2209 animorum
679 2148 864 2228 conjunctio,
872 2154 973 2210 tamen
986 2151 1049 2207 tam
1058 2145 1174 2226 egregie
1186 2152 1378 2227 comparatos

226 2262 280 2303 ros
294 2243 457 2323 apostolica
473 2244 564 2306 etiam
575 2244 746 2307 hortatione
759 2249 862 2305 nostra
874 2242 970 2322 magis
984 2241 1138 2322 magisque
1156 2240 1278 2304 incendi
1289 2244 1375 2324 cupi-

166 2391 168 2395 .
225 2358 311 2416 mus,
325 2347 358 2400 ut
367 2341 475 2401 eximia
484 2339 616 2421 quadam
626 2345 833 2421 perpetuaque
842 2337 1048 2400 consensionis
1058 2344 1148 2418 atque
1157 2340 1273 2401 amoris
1282 2359 1377 2401 emu-

226 2438 336 2498 latione
350 2437 493 2499 intervos
508 2438 705 2519 imposterum
725 2435 929 2513 contendatis,
943 2453 1039 2516 eoque
1053 2436 1119 2516 ipso
1130 2435 1290 2499 declaretis
1299 2454 1377 2498 una-

226 2533 307 2595 nime
323 2535 352 2594 in
371 2535 455 2597 vobis
468 2554 532 2598 esse
555 2535 646 2596 vinea
659 2533 778 2597 Domini
794 2533 962 2596 excolenda
970 2581 980 2611 ,
996 2553 1032 2596 ac
1043 2534 1186 2596 omnibus
1202 2533 1322 2595 virtutis
1341 2554 1377 2596 ac

225 2613 390 2692 sanctitatis
402 2631 545 2713 exemplis
557 2630 737 2693 exornandae
753 2630 897 2703 studium,
913 2629 1000 2705 Quod
1012 2649 1082 2692 vero
1102 2630 1140 2692 ad
1151 2631 1213 2692 Nos
1226 2632 1376 2712 pertinet,

223 2727 295 2789 illud
310 2748 386 2790 sane.
396 2729 619 2793 accuratissime
630 2729 858 2810 praestabimus,
871 2747 910 2791 ne
926 2747 1060 2813 unquam
1077 2729 1141 2809 sitis
1154 2736 1288 2816 patema
1301 2749 1377 2793 nos-
1431 2800 1434 2806 .

222 2831 274 2886 tra
294 2845 365 2906 erga
389 2846 455 2907 vos,
478 2837 669 2909 vestramque
691 2827 845 2889 nationem
870 2828 1001 2891 caritatis
1025 2829 1140 2892 fructus
1163 2830 1374 2894 desideraturi.

223 2923 322 3001 Atque
340 2922 370 2983 id
388 2923 492 3004 ipsum
504 2923 559 2985 tibi
574 2942 635 3004 quo
648 2921 745 3003 magis
761 2920 959 3003 persuadeas,
979 2923 1194 2984 confimramns
1207 2927 1377 3006 apostolica

224 3017 448 3096 benedictione,
472 3039 565 3101 qnam
587 3025 616 3080 in
637 3025 747 3080 nostra
767 3019 929 3080 voluntatis
952 3018 1062 3099 pignus
1080 3021 1274 3085 Fratemitati
1297 3030 1376 3101 ture,

222 3113 345 3192 ejusque
375 3114 442 3175 fidei
469 3113 639 3177 commissis
661 3113 781 3195 populis
812 3121 1004 3194 peramanter
1030 3115 1230 3196 impertimur.
1263 3121 1377 3183 Datum

223 3208 340 3280 Rome,
358 3217 427 3286 etc,
443 3213 492 3270 dir
508 3223 544 3270 ‘20
552 3213 631 3286 jotti
649 3220 681 3268 17
688 3220 736 3283 71,
750 3212 944 3286 pontificatus
956 3215 1052 3272 castrt
1063 3229 1145 3274 anan
1159 3220 1261 3276 tectior

703 3331 887 3342 ———·———

688 3471 689 3474 ’
709 3457 879 3527 CXLVlll.

484 3615 650 3657 CARlSSlMO
672 3617 706 3657 ln
730 3618 861 3659 cunlsuo
886 3618 966 3659 Fttlo
985 3618 1103 3662 NOSTRO

309 3718 476 3778 rosnrno
498 3719 538 3780 nn
559 3689 808 3784 nonunonun
830 3723 1113 3787 immanonnn
1135 3727 1280 3786 ninam

530 3843 764 3922 CLEMENS
793 3847 918 3922 ΡΑΡΛ
950 3847 1056 3923 XIV.

1012 3999 1108 4053 Roma,
1125 4001 1155 4044 24
1167 3996 1220 4055 julii
1237 4001 1306 4046 1771.

259 4090 439 4160 Carissime,
464 4098 522 4152 ete.
553 4096 653 4175 Nuper
683 4096 859 4175 significavit
884 4099 976 4161 Nobis
998 4101 1125 4163 dilectus
1146 4100 1225 4164 tilius
1245 4105 1376 4169 Brunati

218 4198 307 4258 agens
328 4184 493 4264 imperialis
506 4191 576 4248 tuus
592 4189 794 4268 gratissimum
817 4191 880 4254 lore
894 4195 1035 4274 Augustae
1057 4199 1222 4277 Maiestatis
1238 4203 1333 4279 Turn,
1350 4205 1375 4264 si

216 4284 320 4339 nostra
330 4281 508 4344 anctoritate
518 4302 708 4364 curaremus,
722 4293 755 4347 ut
767 4289 1017 4354 transmitteretur
1027 4294 1066 4355 ad
1080 4301 1109 4356 tc
1122 4315 1201 4376 aqua
1212 4297 1373 4377 quadam,

219 4389 311 4450 qnam
323 4377 523 4438 vulnerariam
537 4388 661 4460 vocant,
682 4384 767 4462 cujus
782 4384 832 4445 nie
845 4386 927 4448 mira
947 4389 1084 4452 feruntur
1098 4393 1286 4472 curationes,
1309 4416 1376 4460 una

218 4488 287 4530 cum
300 4471 499 4556 descriptione
517 4479 615 4542 adhuc
633 4484 722 4562 vulgo
736 4485 876 4565 incogniti
891 4489 1029 4551 earndem
1043 4492 1220 4574 conficiendi
1235 4492 1372 4575 artificii.
