3188 5414
605 521 833 576 DOCUMENTA
852 522 973 575 vaula.
1312 527 1364 580 395

224 629 360 691 habitum
375 627 546 702 admittere,
561 632 627 687 tum
640 625 814 688 Innocentio
825 628 912 707 Papae
928 629 1007 688 Xlll.
1023 626 1075 706 qui
1091 626 1228 688 eamdem
1244 647 1364 708 poenam

219 733 342 789 coactus
355 725 410 786 luit
426 724 524 786 eidem
537 724 730 802 comminari,
746 742 781 786 ac
792 723 915 786 tandem
925 724 1017 785 recol.
1033 723 1183 786 memoria
1203 726 1365 788 Benedicta

220 826 306 904 Papae
326 823 403 884 XIV.
421 820 474 902 qni
495 821 694 883 visitationem
719 824 904 898 Domorum,
924 820 1182 902 Collegiorumque
1198 821 1229 882 in
1251 822 1365 885 ditione

218 919 383 982 charissimi
403 919 434 981 in
453 917 636 982 Christolilii
653 917 747 979 nostri
761 916 918 979 Lusitania
926 961 935 993 ,
951 922 982 977 et
994 917 1204 996 Algarhiorum
1214 918 1304 998 Regis
1316 919 1364 980 Fi·

218 1016 360 1078 delissimi
373 1015 564 1078 existentium
591 1014 709 1077 censuit
732 1013 951 1076 decernendam
958 1037 967 1091 3
982 1014 1055 1094 quin
1068 1015 1165 1076 ullum
1178 1016 1305 1078 subinde
1318 1018 1365 1079 vel

219 1111 285 1172 Sedi
300 1109 478 1192 Apostolicaa
490 1111 640 1187 solamen,
655 1109 702 1172 vel
719 1108 861 1170 Societati
876 1108 1285 1187 auxilium,velCh1istianar
1299 1115 1366 1176 ltel-

219 1207 343 1288 publicre
365 1207 479 1269 bonum
502 1205 661 1267 accesserit
674 1225 712 1266 ex
730 1202 900 1267 novissimis
918 1204 1097 1284 Apostolicis
1115 1206 1253 1272 litterisa
1270 1209 1366 1273 felicis

218 1302 433 1367 recordationis
452 1301 603 1363 Clemente
623 1302 706 1380 Papa
725 1300 803 1361 XIll.
825 1297 1000 1360 immediato
1019 1298 1242 1364 Praedecessore
1260 1310 1365 1368 nostro

217 1400 340 1463 extortis
355 1399 454 1479 potius
462 1443 471 1476 ,
485 1404 520 1459 ut
537 1397 628 1458 verbo
647 1402 769 1458 utamur
788 1393 1041 1459 aPraedecessore
1060 1402 1164 1459 nostro
1179 1400 1324 1480 Gregorio
1338 1404 1365 1464 X

218 1497 247 1557 in
268 1495 450 1575 supracitato
469 1492 660 1572 Lugdunensi
673 1493 875 1555 OEcumenico
887 1493 1018 1555 Concilio
1037 1492 1184 1573 adhibito,
1198 1515 1291 1576 quam
1304 1498 1366 1561 im-

216 1594 359 1674 petratis,
374 1593 483 1674 quihus
493 1591 649 1654 Societatis
658 1594 731 1653 lesu
745 1594 916 1655 institutum
930 1610 1112 1672 magnopere
1123 1595 1363 1671 commendatur,

219 1711 254 1752 ac
267 1710 370 1752 rursus
381 1689 575 1771 approbatur.

257 1801 306 1849 22.
320 1791 391 1850 Post
404 1794 465 1866 tot,
482 1794 641 1868 tantasque
659 1787 824 1866 procellas,
839 1804 875 1847 ac
888 1791 1080 1866 tempestates
1093 1786 1302 1851 acerbissimas
1315 1790 1366 1853 lu-

217 1893 320 1946 tnrum
331 1885 463 1966 optimus
472 1883 598 1965 quisque
608 1882 759 1963 sperabat,
769 1889 802 1943 ut
811 1881 1000 1962 optatissima
1009 1881 1061 1942 illa
1069 1881 1193 1943 tandem
1204 1884 1366 1964 aliquando

217 1984 401 2044 illucesceret
415 1981 495 2059 dies,
509 1998 575 2060 quae
588 1978 852 2059 tranquillitatem,
872 1985 904 2040 et
914 1992 1022 2058 pacem
1034 1985 1114 2039 esset
1126 1981 1365 2046 cumulatissime

218 2078 356 2138 allatura.
374 2078 416 2138 At
428 2077 507 2138 Petri
520 2075 701 2138 Cathedram
717 2075 902 2154 gubernante
914 2073 1022 2135 eodem
1033 2074 1185 2136 Clemente
1196 2078 1275 2138 Xlll.
1289 2080 1366 2143 rra

216 2176 373 2236 decessore
392 2175 480 2254 longe
501 2173 687 2249 difficiliora,
706 2189 743 2234 ac
767 2171 985 2233 turbulentiora
1005 2179 1194 2233 accesserunt
1215 2179 1364 2255 tempora¹

218 2270 321 2331 Auctis
339 2270 420 2333 enim
437 2269 571 2351 quotidie
584 2269 681 2350 magis
698 2267 729 2328 in
747 2268 922 2348 predictam
937 2268 1117 2330 Societatem
1127 2271 1322 2350 clamoribus,
1335 2281 1366 2335 et

216 2367 363 2445 querelis,
376 2368 511 2447 quinimo
520 2366 778 2448 periculosissimis
788 2365 899 2427 alicubi
910 2365 1021 2426 exortis
1029 2364 1240 2445 seditionibus,
1253 2371 1364 2431 tumul-

217 2462 315 2539 tibus,
328 2463 458 2525 dissidiis
471 2469 502 2524 et
517 2462 681 2539 scandalis,
697 2480 779 2541 quae,
797 2461 969 2523 Christianae
980 2461 1135 2525 charitatis
1147 2461 1265 2524 vinculo
1279 2463 1368 2530 labe-‚v

216 2557 326 2620 laetato
338 2605 347 2637 ,
360 2578 396 2621 ac
405 2559 525 2640 penitus
534 2559 682 2639 disrupto,
696 2558 831 2620 fidelium
842 2558 959 2620 animos
968 2557 1007 2619 ad
1019 2558 1152 2638 partium
1158 2559 1269 2638 studia,
1282 2559 1365 2638 odia,

217 2662 247 2715 et
260 2654 429 2718 inimicitias
446 2657 636 2718 vehementer
650 2656 892 2734 inflammarunt,
915 2676 950 2717 eo
964 2656 1159 2731 discriminis,
1185 2676 1221 2719 ac
1239 2659 1364 2738 periculi

216 2771 264 2814 res
273 2754 418 2832 perducta
432 2754 496 2814 visa
510 2761 554 2815 est
563 2799 571 2830 ,
590 2759 623 2814 ut
634 2753 654 2813 ii
665 2752 737 2832 ipsi,
754 2771 884 2832 quarum
905 2753 984 2813 avita
1000 2753 1095 2832 pietas
1103 2799 1112 2831 ,
1126 2773 1161 2815 ac
1177 2755 1208 2815 in
1229 2756 1366 2818 Societa-

217 2857 279 2911 tem
291 2849 455 2911 liberalitas
467 2850 656 2911 hereditario
677 2848 811 2927 quodam
830 2848 921 2909 veluti
942 2849 1043 2924 jurea
1062 2849 1227 2926 majoribus
1241 2859 1365 2932 accepta

201 2930 354 3008 *omnium
376 2946 437 3008 lere
457 2946 566 3026 linguis
590 2964 783 3026 summopere
806 2944 997 3006 commendat
985 2952 1045 3024 tur,
1066 2946 1230 3008 charissimi
1255 2967 1364 3031 nempe

216 3046 247 3106 in
257 3045 373 3106 Christo
387 3044 439 3105 lilii
455 3045 549 3107 nostri
567 3047 662 3123 Reges
676 3047 880 3115 Francorum,
895 3042 1126 3123 Hispaniarum,
1144 3044 1313 3153 Lusitania,
1328 3067 1365 3111 ao

217 3141 371 3222 utriusque
393 3140 498 3202 Siciliae
512 3141 574 3202 suis
593 3159 630 3201 ex
644 3141 753 3219 Regnis
761 3186 770 3218 ,
785 3138 949 3200 ditionibus
956 3145 1070 3221 ,atque
1083 3141 1243 3221 provinciis
1260 3145 1364 3209 Socios

216 3239 366 3302 dimittere
391 3239 488 3301 coacti
510 3239 634 3302 omnino
656 3238 783 3318 luerint,
808 3244 838 3298 et
857 3237 1018 3317 expellere3
1034 3236 1094 3298 hoc
1112 3257 1207 3301 unum
1224 3247 1364 3350 putantes

218 3343 387 3399 extremum
399 3342 444 3400 tot
460 3335 547 3397 malis
564 3354 719 3416 superesse
730 3334 917 3411 remedium,
934 3341 964 3395 et
978 3334 1097 3444 penitus
1110 3338 1312 3401 necessarium
1325 3342 1365 3403 ad

218 3434 456 3514 impediendum,
470 3434 632 3541 quominus
646 3433 803 3495 Christiani
818 3432 944 3515 populi
937 3432 1046 3513 inipso
1064 3440 1174 3495 sancta
1189 3436 1294 3499 Matris
1303 3441 1365 3503 Eo-

217 3528 346 3590 clesiae
325 3548 391 3590 srnu
412 3547 476 3590 sese
489 3547 618 3590 invicem
628 3529 810 3590 lacesserent
819 3535 1054 3610 „provocarent
1072 3530 1250 3592 lacerarent.

258 3638 306 3686 23.
324 3629 435 3688 ltatum
449 3645 520 3688 vero
533 3627 645 3689 hahent
633 3635 679 3689 tes
691 3627 826 3708 praedicti
837 3627 1026 3689 charissimi
1020 3646 1050 3688 in
1070 3628 1185 3690 Christo
1203 3629 1256 3691 lilii
1269 3598 1363 3698 nostri

217 3723 449 3786 remediumhoc
459 3724 581 3786 firmum
593 3744 657 3786 osse
670 3743 731 3787 non
742 3743 839 3806 posse,
855 3744 891 3786 ac
903 3725 1047 3786 Universo
1059 3725 1233 3790 Christiano
1236 3728 1306 3790 Orbi
1317 3748 1363 3792 re-

217 3821 404 3882 conciliando
424 3822 633 3884 accommodat
620 3829 705 3901 tum,
727 3824 782 3885 nisi
806 3824 966 3888 Societas
958 3843 1024 3904 ipsa
1041 3843 1165 3903 prorsus
1179 3826 1363 3905 extinguere

218 3926 277 3994 tur,
293 3938 328 3980 ac
339 3939 376 3981 ex
389 3919 503 4000 integro
518 3922 768 4002 supprimeretur,
781 3941 835 3983 aua
844 3922 956 3984 idcirco
971 3922 1051 4002 apud
1060 3924 1218 4003 praefatum
1228 3926 1364 3989 Clemen-

219 4024 281 4078 tem
296 4022 352 4080 PP.
377 4021 454 4081 Xlll.
475 4021 727 4083 Praedecessorem
749 4027 951 4102 exposuerunt
968 4021 1084 4100 studia,
1098 4042 1136 4084 ac
1158 4024 1360 4101 volantatem,

219 4122 249 4175 et
259 4133 319 4194 qua
328 4117 467 4178 valebant
481 4119 668 4192 auctoritate,
679 4126 709 4179 et
721 4118 871 4199 precihus,
886 4118 1053 4194 conjunctis
1067 4119 1155 4181 simul
1168 4120 1243 4181 votis
1256 4140 1363 4201 expos-

219 4214 369 4292 tularunt,
388 4224 422 4277 ut
446 4216 655 4280 efficacissima
673 4235 710 4278 ea
727 4216 843 4277 ratione
859 4223 1009 4296 perpetue
1026 4234 1149 4277 snorum
1172 4217 1362 4282 subditorum

220 4313 389 4392 securitati,
402 4315 604 4395 universaequc
618 4315 724 4376 Christi
738 4314 875 4375 Ecclesiae
893 4315 973 4377 hono
985 4314 1240 4394 providentissime
1251 4335 1363 4381 mirso-,0

220 4411 323 4474 lorent.
333 4414 387 4487 Qui
398 4421 498 4475 tamon
508 4421 613 4493 prater
621 4413 1001 4492 omniumcxpeetationem
1012 4413 1135 4492 contigit
1144 4415 1276 4491 ejusdem
1289 4419 1362 4478 Pon·
1387 4495 1388 4500 ἵ

220 4508 307 4572 tiliois
322 4512 420 4573 obitus
435 4513 475 4574 rei
488 4531 623 4590 crineum,
641 4512 812 4596 exitumque
826 4531 949 4592 prorsus
963 4512 1126 4593 impedivit
1142 4513 1217 4575 llinc
1229 4515 1320 4576 Nobis
1331 4515 1362 4577 in
