3188 5414
234 478 281 525 tao
656 471 858 529 Ctnttttln't‘ttt
876 470 942 524 xtv

228 579 319 636 titiam
336 585 387 637 tuo
400 579 461 637 zelo
473 577 667 656 doctrinaque
681 577 795 638 laceres
808 596 844 637 ea
859 575 971 652 omnia,
983 575 1092 654 quibus
1106 573 1173 634 ndei
1189 592 1379 656 morumque

230 676 400 753 integritas,
416 674 554 735 Ecclesia
576 675 691 750 unitas,
707 693 742 735 ac
761 674 850 752 buius
860 675 943 735 Beati
961 674 1039 734 Petri
1053 673 1202 735 cathedra
1219 675 1271 751 jus
1285 681 1379 755 atque

228 772 392 834 auctoritas
405 773 559 834 retinetur.
576 772 651 833 Illud
663 791 733 833 vero
745 772 845 833 divino
861 773 950 853 plane
961 772 1054 833 ductu
1066 770 1180 833 factum
1193 789 1259 833 esse
1280 773 1380 852 perci-

227 870 338 950 pimus,
352 877 385 930 ut
397 889 473 950 opus
486 876 573 930 tuum
587 869 624 930 de
640 870 709 930 Ritu
718 869 848 930 ,Gothico
861 869 893 930 in
904 869 1082 950 obsequium
1094 869 1258 930 conficeres
1273 871 1378 932 Eccle

227 969 276 1029 sia
287 968 452 1045 Toletanae5
472 969 537 1046 ejus
549 969 630 1029 euim
643 987 714 1029 cum
728 975 816 1030 autea
836 970 912 1030 inter
936 970 1075 1053 alumnos
1089 969 1260 1050 adscriptus
1274 989 1376 1048 esses,

223 1067 440 1144 jamjam-inter
453 1067 592 1146 presules
605 1066 810 1128 numerandus
823 1066 898 1143 eris,
913 1066 1072 1147 eidemque
1084 1111 1093 1144 ,
1105 1065 1154 1128 cui
1164 1073 1287 1127 tantum
1297 1075 1376 1130 'stu-

225 1165 292 1240 des,
308 1165 448 1245 pastoraii
469 1164 633 1245 vigilantia,
652 1164 849 1226 sollicitudine
866 1172 956 1246 atque
973 1183 1083 1245 opera,
1099 1164 1292 1245 praeluturus.

264 1265 306 1323 De
320 1264 377 1347 hqe
390 1262 510 1342 quidem
521 1265 583 1324 Nos
593 1282 784 1344 summopere
802 1264 950 1339 laetamur,
964 1281 1035 1324 cum
1046 1263 1209 1343 plurimam
1218 1261 1257 1324 de
1268 1271 1300 1324 te
1310 1264 1376 1340 pm

224 1359 341 1438 pridem
364 1366 537 1439 perceptam
561 1361 831 1441 confirmatamque
851 1359 1025 1440 opinionem
1045 1368 1181 1423 nostram
1205 1359 1242 1421 iis
1262 1360 1375 1436 edam,

224 1473 289 1535 quae
301 1474 397 1536 nuper
416 1455 623 1533 transmisisti,
640 1462 698 1517 tua
712 1458 854 1520 doctrina
871 1457 1074 1520 monumentis
1088 1457 1283 1527 uehementer
1297 1476 1376 1519 anc-

224 1561 287 1613 tam
305 1570 370 1613 esse
387 1553 551 1614 videamus.
576 1554 825 1634 deceptissimum
843 1554 943 1634 itaque
953 1553 1047 1615 Nobis
1062 1553 1118 1615 tuit
1133 1571 1170 1614 ac
1184 1551 1376 1630 jucundissi-

224 1651 516 1726 rnum‚'Venerabilis
529 1653 642 1722 Frater,
657 1669 768 1712 munus
779 1651 838 1713 hoc
850 1658 938 1713 tuum
953 1657 1099 1731 tantoque
1113 1650 1244 1728 majores
1256 1648 1286 1710 id
1292 1649 1374 1711 circo

116 1768 120 1773 ·
223 1747 277 1807 tibi
289 1748 400 1826 gratias
413 1748 577 1822 habentne,
597 1755 711 1828 quanto
724 1748 820 1827 magis
833 1766 894 1809 una
903 1747 1048 1826 conjungi
1064 1745 1305 1808 lucideutissima
1319 1753 1374 1807 tua

223 1864 292 1924 erga
309 1847 369 1906 Nos
381 1863 416 1907 ac
436 1848 584 1907 Sanctam
594 1845 672 1907 hanc
682 1844 789 1907 Sedem
804 1847 938 1927 pietatis,
951 1845 1146 1909 observantiae
1159 1852 1191 1909 et
1202 1843 1374 1917 devotionis
1447 1898 1451 1907 .

224 1944 323 2028 officia
348 1945 550 2024 intelligimus·
575 1945 755 2006 Praeclarum
780 1944 818 2004 ad
845 1952 945 2006 cetera
969 1944 1078 2005 merita
1102 1950 1155 2004 tua
1179 1942 1263 2004 hunc
1288 1941 1374 2003 addis

223 2042 389 2119 cumulum,
404 2040 589 2102 Venerabilis
602 2043 723 2118 Frater,
737 2041 977 2123 singularemque
989 2051 1101 2120 ergata
1114 2039 1275 2125 caritatem
1298 2057 1374 2101 nos-

223 2149 300 2201 tram
312 2141 424 2202 eumin
443 2140 568 2200 modum
579 2139 758 2216 inflammas,
771 2146 822 2217 ut,
838 2147 869 2201 et
879 2139 1146 2202 ornatissinrumte
1162 2156 1229 2200 esse
1240 2136 1369 2205 mirifice

222 2238 425 2316 gaudeamus,
446 2246 477 2299 et
496 2239 678 2300 ornatiorem
700 2239 806 2300 indies
823 2238 888 2299 fieri
910 2239 1102 2301 vehementer
1126 2243 1282 2317 optemus.
1301 2235 1374 2307 ‚Tibi

224 2335 312 2412 igitur
330 2335 403 2396 illud
419 2335 550 2395 maxime
570 2334 716 2415 persuade
734 2342 764 2396 et
777 2354 897 2397 summa
908 2354 974 2397 esse
994 2341 1096 2399 nostra
1112 2353 1184 2414 erga
1200 2339 1230 2394 te
1252 2333 1373 2414 paterni

225 2432 334 2493 ameris
347 2431 461 2507 studia,
485 2437 516 2491 et
531 2448 637 2510 parem
649 2431 703 2491 tibi
716 2431 904 2494 Pontificiam
913 2449 1038 2512 operam
1059 2436 1149 2511 atque
1158 2429 1373 2491 auctoritatem

223 2535 328 2608 presto
341 2546 405 2590 esse
416 2546 534 2608 semper
554 2528 698 2590 suturam.
711 2532 789 2589 Dum
801 2529 865 2593 hac
882 2530 921 2591 ad
934 2537 963 2590 te
985 2529 1166 2607 seribimus,
1181 2526 1372 2588 Venerabilis

224 2630 336 2702 Frater,
361 2624 496 2686 nobisin
515 2631 647 2685 mentem
670 2624 751 2685 venit
764 2623 813 2689 dic
832 2626 914 2689 XXV
924 2625 1168 2703 februariilrujus
1179 2624 1252 2698 anni
1268 2623 1372 2686 datam

222 2724 274 2783 tibi
288 2742 342 2803 per
349 2723 432 2782 banc
443 2721 704 2801 congregationem
713 2721 834 2785 Concilii
849 2723 1018 2785 Tridentini
1031 2724 1228 2803 interpretem
1251 2721 1374 2784 aNobis

221 2821 311 2882 t'uisse
330 2820 504 2882 facultatem
515 2817 710 2880 transterendi
733 2819 894 2900 aregulari
916 2819 955 2882 ad
970 2822 1137 2883 secularem
1160 2819 1228 2891 vite
1245 2827 1373 2896 statum,

219 2919 363 3005 dilectum
378 2919 474 2980 lilium
487 2915 667 2980 doachiuum
689 2917 888 2981 Sanctissimae
900 2918 1055 2981 Trinitatis
1077 2917 1191 2980 ordinis
1201 2917 1373 2980 Bethlemi-
1431 2958 1433 2962 .

215 3017 269 3092 ⁸tici
285 3015 468 3097 professum,
486 3013 685 3095 eumdemque
707 3014 746 3077 ad
757 3035 859 3078 sacros
873 3016 992 3078 ordines
1007 3034 1102 3096 usquc
1115 3014 1154 3078 ad
1166 3016 1376 3091 sacerdotium

220 3114 364 3174 inclusive
387 3111 595 3192 promovendi.
618 3113 730 3173 Graves
748 3114 809 3175 Nos
826 3114 1006 3176 induxerunt
1028 3132 1124 3176 causae
1146 3121 1179 3176 ut
1197 3133 1233 3176 ea
1254 3115 1373 3177 rationo

221 3211 276 3290 ipsi
300 3210 408 3272 dilecto
432 3209 494 3269 nno
513 3209 684 3289 consultum
700 3226 765 3270 esse
787 3211 940 3273 vellemus.
970 3209 1100 3273 Proinde
1114 3229 1191 3272 eum
1213 3210 1267 3272 tibi
1287 3228 1373 3273 nunc
1401 3278 1409 3288 ,

211 3307 408 3368 1νεῑιοιῐιεηῐθν
428 3307 676 3370 commendamus
688 3351 696 3383 ,
717 3306 909 3389 plurimoque
942 3328 959 3370 a
983 3314 1014 3371 te
1033 3308 1132 3371 studio
1156 3309 1305 3390 petimus,
1334 3317 1371 3370 ut

217 3405 365 3486 ejusmodi
385 3405 463 3467 illius
478 3406 646 3486 postulata,
661 3422 811 3485 propenso
823 3392 953 3487 excipias
972 3406 1092 3484 animo,
1111 3413 1223 3468 etcum
1243 3410 1373 3488 aposto-

219 3506 276 3567 lica
290 3504 468 3566 auctoritate
486 3508 647 3589 paternam
662 3499 754 3562 etiam
767 3520 838 3581 erga
850 3502 950 3583 ipsum
969 3504 1114 3583 pietatem
1132 3510 1271 3565 nostram
1286 3503 1318 3564 in
1339 3509 1372 3564 te

217 3622 282 3665 esse
293 3602 468 3664 translatam
477 3607 576 3681 putes.
588 3595 797 3660 Gratissimum
810 3598 911 3678 itaque
924 3597 1017 3660 Nobis
1029 3597 1149 3676 feceris,
1165 3599 1190 3660 si
1207 3605 1238 3660 ct
1251 3599 1303 3660 illa
1314 3617 1374 3679 per

217 3704 276 3764 Nos
293 3700 347 3762 tibi
361 3701 440 3762 lacta
452 3704 600 3780 potestate
612 3695 740 3758 libenter
753 3694 797 3756 uti
810 3693 958 3773 volueris,
974 3701 1005 3756 et
1022 3694 1252 3756 luculentiorem
1274 3693 1372 3756 etiam

217 3808 324 3863 nostra
338 3798 429 3877 hujus
440 3793 708 3860 commendationis
722 3811 814 3854 causa
825 3792 856 3852 in
868 3791 968 3872 ipsum
984 3791 1198 3873 benignitatem
1212 3799 1300 3853 tuam
1316 3791 1372 3852 de-

4 3962 7 3969 ,
110 3878 113 3884 ²
216 3897 383 3961 olaraveris.
399 3899 444 3958 Ac
458 3895 488 3957 in
501 3895 637 3976 plurima
650 3898 760 3958 nostra
773 3890 934 3958 voluntatis
945 3889 1052 3972 pignus
1064 3889 1263 3971 apostolicam
1276 3889 1371 3951 berre·

216 3997 378 4061 dictionem
395 3994 465 4072 tibi,
486 3992 671 4056 Venerabilis
691 3992 809 4068 Frater,
834 3996 951 4071 tuaeque
975 3989 1045 4052 fidei
1066 3989 1230 4052 commisso
1250 3988 1370 4070 populo

196 4156 200 4162 .
216 4094 406 4176 peramanter
414 4089 614 4174 impertimur.
631 4094 742 4153 Datum
757 4090 874 4160 Rotae,
891 4095 963 4169 etc„
978 4090 1028 4152 die
1047 4099 1082 4152 19
1093 4088 1258 4152 decembris
1274 4097 1367 4164 1271,

217 4197 406 4274 proattflcotus
417 4197 511 4255 nostri
525 4208 603 4252 caeo
615 4195 713 4252 tertio.
