3188 5414
479 544 661 599 EPlS'l'OLAE
680 547 726 603 ET
745 547 877 602 nuntia
898 549 1131 604 smrncrtoua.
1331 560 1381 608 147
1501 512 1513 530 ·

230 649 261 710 in
278 655 308 710 te
325 648 459 710 animum
477 650 649 728 gerentibus
668 649 744 710 mira
763 649 913 730 profecto,
932 657 962 711 et
974 651 1149 712 'communis‘
1161 669 1232 712 cum
1256 655 1381 720 Parente

229 752 299 822 tuo,
310 763 345 807 ac
356 764 434 826 peno
444 765 499 826 par
508 746 608 807 existit
617 747 802 823 jucunditas.
816 748 901 809 Habe
911 747 1011 827 igitur,
1023 748 1215 823 dilectissime
1225 749 1254 811 in
1264 751 1380 815 Christo

229 843 272 905 fili
288 848 402 920 noster,
423 843 596 921 hujusmodi
621 844 783 907 Pontificioe
799 863 872 924 erga
891 851 921 907 te
940 846 1103 908 voluntatis
1118 865 1239 917 sacrum
1254 846 1313 908 boc
1331 848 1381 928 pi-

228 958 324 1019 gnus,
336 946 455 1022 tuaque
472 941 502 1002 in
518 943 632 1018 Deum,
648 960 683 1005 ac
705 942 735 1004 in
750 944 875 1005 Beatam
888 944 1042 1024 Virginem
1059 946 1163 1026 pietati
1177 947 1377 1011 consentiens.

227 1029 323 1113 Qu‘am
335 1039 590 1119 pietatemtuam,
601 1046 635 1101 ut
643 1057 700 1119 pro
713 1047 817 1103 nostra
830 1039 974 1103 facultate
987 1041 1143 1109 foveamus
1153 1043 1266 1123 magis,
1281 1044 1379 1107 eidem

228 1133 365 1213 imagini,
379 1154 441 1215 quo
455 1135 606 1216 acceptior
617 1136 671 1197 tibi
689 1154 753 1199 esse
764 1136 876 1217 possit,
891 1139 1021 1202 salutare
1034 1145 1142 1202 nostra
1163 1140 1379 1204 benedictionis

225 1233 357 1312 pretium
379 1234 589 1313 adjunximus,
615 1252 651 1297 ac
672 1233 743 1311 tibi,
766 1253 886 1315 unaque
904 1234 1104 1298 dilectissima
1124 1237 1154 1298 in
1173 1236 1292 1299 Christo
1311 1237 1378 1300 filia

225 1336 332 1392 uostrae
346 1332 587 1412 Aloysiaeltlariae
597 1331 789 1395 Asturiarum
800 1332 985 1413 Principissa
998 1333 1118 1413 conjugi
1131 1341 1204 1413 tue,
1216 1335 1266 1397 cui
1281 1335 1379 1415 pluri-

224 1442 307 1486 mam
329 1427 359 1489 in
380 1428 508 1492 Domino
524 1429 653 1491 salutem
673 1428 819 1506 dicimus,
836 1447 893 1509 pro
917 1430 1059 1492 omnibus
1078 1430 1186 1492 Christi
1208 1431 1326 1493 Domini
1340 1449 1376 1494 aa

224 1523 259 1581 B.
275 1523 315 1584 M.
330 1526 368 1587 V.
382 1525 465 1587 festis
478 1525 601 1603 diebus,
618 1543 654 1587 ac
673 1524 792 1605 quoties
807 1525 935 1593 confessi
950 1532 982 1588 et
995 1545 1082 1588 sacra
1095 1527 1311 1589 communione
1325 1547 1377 1591 re-

223 1615 292 1679 fecti
307 1637 411 1682 coram
425 1620 532 1683 eadem
544 1621 675 1700 imagine
685 1620 873 1700 precationes
883 1628 997 1684 vestras
1009 1622 1117 1685 devote
1128 1621 1275 1700 fuderitis,
1286 1623 1376 1686 toties

224 1719 257 1775 ut
279 1716 444 1795 plenariam
466 1724 662 1798 peccatorum
680 1717 897 1796 indulgentiam
916 1719 1026 1791 lucrari
1039 1718 1179 1799 possitis,
1200 1720 1375 1800 Apostolica

223 1816 403 1879 auctoritate
416 1817 610 1881 concedimus
634 1835 670 1878 ac
683 1816 839 1894 largimur.
865 1818 899 1876 ln
919 1816 1091 1894 hujusmodi
1115 1816 1374 1879 obsecrationibus

222 1913 328 1976 vestris
337 1914 461 1977 minime
474 1914 602 1981 dubium
613 1931 678 1975 esse
688 1911 781 1972 Nobis
789 1916 901 1990 potest,
911 1911 983 1991 quiu
992 1911 1087 1974 nostri
1098 1911 1190 1974 ctiam
1200 1957 1209 1989 ,
1220 1913 1372 1993 acSacro·

221 2017 333 2072 sanctae
353 2011 406 2072 Dei
428 2012 568 2074 Ecclesiae
584 2027 733 2084 memores
754 2026 819 2070 csse
845 2021 901 2088 pro
925 2013 1024 2071 vestra
1045 2007 1190 2088 religione
1212 2006 1369 2070 studeatis.

220 2106 299 2173 lllnd
311 2107 440 2171 invicem
452 2108 537 2170 vobis
550 2123 730 2188 persuasum
743 2121 809 2166 esse
825 2104 956 2165 maxime
969 2103 1074 2182 debet,
1091 2123 1248 2186 nunquam
1261 2106 1322 2170 Nos
1334 2106 1372 2169 ad

219 2205 316 2265 Deum
329 2211 400 2268 vota
413 2225 470 2286 pro
491 2211 590 2268 vestra
603 2204 744 2275 felicitate
758 2201 971 2281 intermittere3
987 2209 1077 2284 atque
1092 2202 1165 2264 illud
1181 2202 1371 2285 potissimum

219 2308 325 2382 optare
345 2309 436 2383 atque
447 2322 552 2381 orare,
567 2309 602 2365 ut
613 2299 766 2383 procreari
779 2318 798 2361 a
812 2299 899 2362 vobis
911 2298 1036 2362 Liberos
1049 2299 1079 2363 in
1094 2305 1211 2362 tantam
1225 2300 1372 2387 amplissi-

219 2417 339 2460 morum
360 2403 533 2479 Regnorum
547 2397 769 2472 baereditatem,
787 2414 824 2456 ac
845 2395 1010 2471 maximam
1031 2396 1143 2478 publici
1155 2397 1227 2460 boni
1239 2416 1324 2480 sporn
1341 2406 1372 2459 et

219 2494 371 2558 fortunam
393 2515 486 2577 quam
506 2497 638 2577 primum
658 2495 719 2556 Nos
742 2492 853 2570 laetari,
875 2493 1078 2575 gratularique
1098 2495 1255 2560 vobiscum
1270 2497 1371 2580 possi-

218 2611 302 2670 1uns;
316 2613 352 2656 aa
365 2614 502 2657 summas
513 2595 625 2658 idcirco
640 2601 732 2674 atque
746 2591 930 2653 immortales
941 2594 1003 2656 Deo
1017 2595 1051 2654 0.
1073 2593 1113 2654 Μ.
1130 2593 1242 2672 gratias
1255 2594 1371 2657 refera-

218 2708 297 2752 mus.
311 2692 410 2772 Atque
423 2693 514 2772 hujus
533 2693 626 2756 divini
640 2689 777 2753 beneficii
791 2688 947 2768 auspicem
969 2690 1165 2770 apostolicam
1180 2691 1370 2754 benedictio-

218 2799 288 2852 nem
315 2791 385 2866 tibi,
405 2791 598 2853 dilectissime
613 2790 644 2849 in
664 2787 781 2850 Christo
804 2786 846 2847 iili
867 2793 980 2862 noster,
998 2772 1117 2868 tueque
1138 2788 1227 2866 regiae
1249 2789 1369 2869 conjugi

218 2887 424 2951 amantissime
438 2887 638 2967 impertimur.
654 2889 769 2948 Datum
781 2885 894 2960 Roman,
914 2891 985 2952 etc,
1002 2895 1037 2943 18
1052 2886 1162 2962 aprilis
1176 2894 1244 2945 1771
1254 2930 1262 2962 ,
1270 2890 1371 2970 poeti,-

218 2989 325 3057 ficatio
341 2990 437 3049 nostri
455 3003 536 3047 caeo
551 2983 693 3044 scaamdo.

703 3210 878 3280 cxxxiv.

408 3406 410 3409 ,
447 3367 669 3411 utuncrlssulo
691 3367 725 3410 ΙΝ
748 3367 881 3410 uuulsro
906 3368 995 3410 mulo
1019 3369 1138 3412 NOSTBO

395 3473 663 3565 MAXIlssLIANO
684 3474 852 3534 JOSEPHO
874 3474 966 3537 DUCI
987 3474 1190 3546 bavam,

561 3598 585 3646 s.
603 3599 632 3647 u.
650 3599 671 3647 1.
690 3597 831 3648 rnrucrrr
848 3597 1018 3656 nnsororrr,

531 3675 765 3780 munius
792 3703 917 3778 rura
945 3703 1052 3778 mv.

1031 3850 1219 3912 nmium
1236 3853 1291 3900 un
1318 3909 1321 3915 ‚
1359 3832 1362 3837 ’

258 3957 472 4027 Dilectissimo,
490 3964 546 4018 etc.
562 3956 680 4019 Litterae
701 3966 760 4019 tuae
778 3957 816 4018 ad
832 3958 892 4018 Nos
906 3955 955 4019 die
968 3957 1008 4017 lll
1027 3954 1126 4025 Martii
1144 3945 1366 4034 daiaemlriiica

213 4052 403 4130 jucunditate
416 4052 551 4115 animum
565 4058 702 4115 nostrum
715 4052 879 4116 affecerunt
891 4078 899 4130 ;
914 4051 998 4115 exiis
1014 4051 1094 4115 enim
1106 4051 1263 4135 perspicue
1276 4051 1367 4133 intelss

218 4147 356 4226 teximus,
369 4168 434 4230 qua
446 4156 499 4212 tua
510 4149 547 4212 sit
557 4149 594 4211 de
607 4155 711 4212 nostra
724 4168 795 4231 erga
809 4158 838 4211 te
850 4156 977 4231 paterna
990 4148 1132 4230 singulari
1146 4147 1270 4225 caritate
1285 4147 1366 4224 fidu-

217 4248 283 4323 cia,
299 4267 450 4328 quamque
464 4249 517 4311 tibi
534 4248 715 4329 persuadeas
729 4250 812 4313 cordi
833 4248 926 4312 Nobis
939 4249 1070 4310 maxime
1090 4265 1155 4309 esse
1170 4239 1366 4331 quacumque

217 4344 257 4404 ad
279 4350 324 4421 te,
340 4351 458 4424 tuaeqne
478 4345 586 4407 inclitae
608 4346 781 4409 Electoralis
806 4350 919 4408 Dorum
936 4344 1112 4425 dignitatem
1131 4343 1303 4424 pertinent,
1316 4347 1364 4409 cui

218 4447 337 4511 tantum
349 4442 447 4519 abest,
461 4449 493 4503 ut
506 4443 671 4524 quidquam
683 4444 852 4506 detractum
864 4442 1000 4519 velimus,
1015 4449 1048 4504 ut
1063 4440 1245 4504 ornatiorem
1258 4442 1288 4504 in
1300 4443 1365 4506 dies

217 4539 356 4601 eamdem
381 4540 446 4602 fieri
468 4560 503 4602 ac
527 4541 728 4604 florentiorem
752 4539 919 4621 cupiamus.
939 4541 1149 4604 Gratissimum
1166 4539 1256 4619 igitur
1273 4541 1365 4602 Nobis

1211 4653 1254 4702 to.
1322 4663 1325 4670 ’
