3188 5414
482 534 664 590 EPlSTOLAE
684 536 729 588 ET
748 534 880 604 BREVlA
900 532 1132 590 sulncnlonn.
1239 573 1243 584 .
1329 533 1383 591 rra

724 697 887 769 CCXLVI.

345 896 348 901 .
687 851 820 897 nlnncro
841 852 927 896 mlo

295 956 425 1031 unna,
447 957 588 1020 rursm
609 924 864 1023 irascemur
883 959 1046 1021 rmnun
1066 958 1310 1034 smrsuuccr,

511 1081 774 1163 ussurus
814 1083 949 1163 rura
981 1082 1096 1192 xiv.

260 1296 263 1302 g
477 1256 478 1260 =
701 1306 713 1320 θ
954 1204 1315 1295 noun'rsuoesucmnrs.
1395 1259 1397 1263 ·

269 1330 401 1403 Dilecto,
417 1337 475 1394 etc.
498 1329 626 1394 Reddita
636 1330 730 1396 Nonis
741 1338 811 1394 sunt
827 1349 882 1413 per
899 1330 1050 1404 dilectum
1059 1329 1156 1392 lilium
1167 1332 1378 1412 Augustinium

227 1433 290 1489 una
305 1443 377 1490 oum
389 1424 496 1490 litteris
506 1426 566 1490 tuis
583 1428 716 1509 quinque
730 1427 769 1490 de
782 1427 874 1508 sacris
887 1426 978 1490 rebus
991 1425 1145 1489 volumina
1152 1471 1161 1504 ,
1173 1444 1303 1508 qnorum
1314 1427 1379 1510 ipse

202 1589 205 1594 ,
228 1521 339 1605 partim
359 1521 530 1602 auctores,
550 1523 664 1606 purtim
675 1522 782 1587 editor.
798 1525 935 1586 Alterum
945 1523 1005 1586 hoc
1023 1542 1042 1585 a
1061 1522 1251 1586 telibrorum
1264 1523 1378 1586 donum

228 1617 425 1682 libentissimo
437 1620 610 1702 excepimus
620 1619 732 1697 annno,
745 1638 898 1702 quamque
909 1621 1009 1702 primo
1022 1619 1067 1683 tui
1079 1619 1329 1683 existimationem
1346 1621 1377 1684 in
1418 1670 1422 1679 .

227 1713 320 1776 Nobis
332 1713 484 1792 excitasti,
501 1714 639 1778 eamdem
652 1715 795 1799 deinceps
813 1732 997 1798 magnopere
1010 1720 1131 1778 auctrnn
1149 1716 1378 1780 confirmatam·
1508 1762 1511 1769 ,

227 1829 288 1891 que
300 1811 458 1874 sensimus.
473 1811 529 1874 llla
539 1831 630 1894 porro
642 1831 771 1894 operum
784 1819 962 1893 argumenta
975 1813 1122 1892 mojorem
1133 1812 1164 1875 in
1177 1813 1304 1876 modum
1317 1814 1388 1876 de-‘

228 1910 344 1971 clarent
358 1910 576 1972 consentientia
588 1909 731 1991 religiose
742 1907 859 1973 vivendi
872 1908 983 1970 rationi
996 1908 1096 1970 studia
1108 1916 1162 1972 tua
1176 1909 1326 1991 animique
1338 1912 1377 1974 ad

227 2004 344 2067 divinas
358 2005 563 2087 salutaresque
581 2023 630 2068 res
645 2005 872 2087 pertractandus
892 2004 1130 2068 inclinationem.
1146 2005 1232 2068 Unde
1251 2006 1290 2069 ad
1303 2008 1376 2070 illud
1497 2028 1499 2032 ·

224 2100 373 2181 judicium
381 2103 426 2166 ‘de
437 2109 492 2166 tua
505 2103 643 2187 doctrma
653 2110 789 2166 nostrum
799 2102 865 2165 heo
881 2102 997 2167 aecem
1010 2103 1111 2183 maior
1120 2105 1216 2166 multo
1228 2123 1264 2166 ac
1277 2106 1377 2185 potior

228 2201 346 2263 virtutis
360 2221 396 2264 sc
413 2201 534 2284 pietatis
546 2208 605 2264 tua
619 2199 852 2267 commendatio.
868 2200 979 2264 Mullus
993 2200 1095 2282 itaque
1109 2201 1163 2264 tibi
1176 2200 1324 2264 habemus
1341 2221 1377 2264 ac

226 2298 389 2362 reseremus
400 2299 524 2380 gratias,
545 2297 652 2365 dilecte
672 2298 731 2377 fili,
750 2304 864 2379 tuaque
883 2303 914 2360 et
930 2295 1073 2360 domnine
1086 2305 1117 2360 et
1135 2298 1252 2364 virtutis
1264 2317 1377 2362 monu-

228 2405 331 2460 menta
350 2399 517 2481 plurimum
536 2398 617 2481 apud
635 2399 697 2461 Nos
709 2397 838 2461 valitura
856 2397 1046 2480 pollicemur,
1070 2405 1104 2462 ut
1128 2405 1159 2462 te
1180 2401 1271 2482 duem
1288 2407 1376 2464 auten
1460 2414 1463 2423 ’

228 2503 353 2577 paterna
366 2497 491 2560 caritate
509 2497 785 2580 complectebamur
806 2496 947 2559 omnibus
968 2509 1088 2579 semper
1109 2496 1266 2578 singularis
1286 2496 1374 2560 studii

144 2599 148 2602 ’
228 2598 317 2674 atque
337 2594 448 2657 amoris
459 2592 567 2657 officiis
578 2611 809 2676 prosequamur.
822 2593 856 2654 ld
873 2593 928 2659 tibi
940 2611 1119 2675 persuasum
1130 2594 1226 2674 magis
1237 2613 1302 2657 esse
1315 2614 1376 2676 po-

226 2689 312 2769 terit,
325 2689 350 2752 si
364 2708 456 2772 quam
468 2691 563 2753 Nobis
574 2690 692 2753 dederis
704 2691 839 2754 animum
848 2692 930 2754 hunc
941 2710 1012 2774 erga
1023 2700 1054 2755 te
1062 2701 1200 2756 nostrum
1211 2696 1310 2776 reipsa
1321 2695 1373 2757 tibi

227 2785 357 2852 testandi
371 2787 639 2869 opportunitatem.
653 2789 698 2848 Aa
711 2786 742 2848 in
752 2794 884 2868 paterne
898 2786 1232 2871 benevolentiae‘pignus
1249 2799 1372 2872 aposto-

227 2884 316 2945 licam
329 2882 570 2947 benedictionem
579 2882 645 2959 tibi,
658 2881 765 2943 dilecte
776 2881 834 2960 illi,
845 2889 1036 2963 peramanter
1046 2883 1246 2967 impertimur.
1261 2886 1373 2947 Datum

225 2979 343 3050 Rome,
358 2980 442 3060 epncd
453 2976 600 3042 Sacctcm'
611 2982 741 3040 Mariam
754 2981 911 3058 Mcjcreru,
924 2984 977 3043 sud
989 2983 1109 3045 Annulo
1128 2984 1304 3055 Piscatores,
1324 2985 1374 3046 die

225 3088 262 3139 29
276 3078 441 3142 deserueris
458 3088 512 3138 117
517 3089 545 3155 3,
555 3081 752 3158 pontificatus
764 3082 859 3139 nostri
869 3091 948 3140 anco
960 3085 1077 3159 quinto..

644 3392 645 3396 Ἰ
707 3311 885 3382 CCXLVll.

483 3471 650 3514 crurssruo
670 3471 703 3511 m
726 3470 862 3513 cuursro
884 3471 966 3513 rrcro
989 3471 1111 3514 nosrno

330 3572 527 3635 LUDOVIGO
548 3572 790 3634 FRANCORUM
809 3573 903 3633 REGI
924 3574 1260 3638 cunlsnmnlsslno

534 3680 768 3782 crunnus
795 3699 925 3779 rnre
951 3698 1062 3775 xrs.

377 3919 378 3924 γ
894 3864 903 3882 ·
937 3850 1031 3908 cone.
1045 3855 1075 3899 ra
1088 3848 1223 3901 membru
1240 3855 1307 3901 trra.

264 3946 433 4018 durissime,
448 3950 511 4006 etc.
525 3944 681 4006 Summam
691 3962 729 4007 aa
741 3946 922 4027 singularem
935 3945 1052 4007 elucere
1068 3944 1099 4010 in
1113 3951 1155 4024 te,
1168 3947 1321 4011 carissime
1339 3949 1383 4011 in<=

221 4042 337 4104 Christo
355 4043 396 4104 fili
418 4047 530 4120 noster,
562 4041 800 4123 magnitudinem
819 4044 952 4125 regnique
976 4045 1067 4107 animi
1086 4047 1289 4127 prestantium
1304 4049 1369 4128 jam

220 4142 339 4223 pridem
350 4142 561 4220 intelleximus,
576 4148 607 4202 et
615 4139 688 4202 huic
704 4140 868 4220 Maiestatis
878 4144 952 4203 Tuae
958 4143 1174 4223 egregie-laudi
1182 4162 1286 4224 parem
1297 4145 1368 4210 item

221 4257 287 4302 esse
300 4241 475 4320 preclaram
498 4246 583 4303 tuam
596 4237 740 4319 pietatem
748 4283 758 4316 ,
771 4244 861 4318 atque
882 4239 912 4299 in
926 4239 1092 4301 Ecclesiam
1106 4258 1144 4301 ac
1156 4241 1216 4302 Nos
1235 4239 1368 4303 studium

220 4333 356 4398 arbitrati
372 4352 485 4397 sumus.
506 4335 571 4396 Hac
583 4339 642 4395 tuae
654 4333 772 4396 virtutis
793 4333 991 4412 cogitatione,
1005 4335 1109 4416 tuique
1123 4335 1154 4397 in
1175 4337 1367 4400 Nos·amoris

218 4432 344 4511 fiducia,
359 4451 463 4495 omnes
485 4431 594 4513 quibus
614 4431 665 4494 diu
686 4432 875 4511 multumque
895 4431 1058 4495 conllictati
1079 4451 1197 4511 sumus,
1223 4453 1311 4497 curas
1332 4455 1367 4496 ac

218 4530 431 4593 sollicitudines
445 4535 563 4593 nostras
581 4528 771 4592 liniebamus.
783 4529 896 4591 Verum
910 4528 1001 4591 Nobis
1014 4529 1045 4591 in
1061 4529 1217 4610 pristinam
1231 4537 1366 4594 nostram
