3188 5414
473 506 655 562 EPISTOLAE
673 508 718 562 ET
738 509 872 563 aarum
890 511 1126 567 SELECTIORA.
1324 516 1374 569 185

224 608 344 687 decore,
356 627 392 670 ac
403 608 548 691 dignitate
563 613 726 692 conjuncta
738 612 870 677 devotio.
886 616 951 677 llos
961 615 1081 678 virtutis
1094 623 1124 678 et
1137 617 1259 697 pietatis
1272 633 1373 680 exem-

224 707 310 786 plum
324 706 533 769 transmissum
555 708 659 770 advos
677 714 835 791 tamquam
850 729 904 792 per
921 712 1142 775 successionem
1160 731 1225 781 esse
1245 732 1281 775 ac
1294 732 1373 777 nunc

223 804 356 866 maxime
367 803 400 865 in
416 805 503 866 vobis
513 804 614 885 vigere
627 807 767 887 praeclare
781 807 919 870 novimus
929 808 1047 887 ,dilecti
1059 808 1124 889 filii,
1138 816 1169 872 et
1182 827 1373 892 summopere

223 903 372 965 laetamur.
388 904 486 965 Tanto
500 902 603 983 itaque
614 906 808 986 propensiore
823 907 925 970 animo
939 909 1105 990 excipimus
1117 926 1220 991 preces
1243 913 1372 985 vestras,

222 1017 299 1080 quas
321 992 501 1081 exposuistis
522 1001 616 1062 Nobis
637 1020 691 1082 per
706 1002 849 1066 dilectum
869 1005 966 1068 filium
988 1007 1154 1088 losephum
1174 1007 1372 1090 Garampium

222 1096 364 1167 intimum
388 1102 525 1160 nostrum
552 1097 795 1179 Cubicularium,
820 1119 863 1163 ac
878 1102 908 1163 in
927 1103 1045 1165 arcanis
1063 1103 1196 1186 epistolis
1218 1105 1329 1167 nostris
1356 1124 1373 1166 e

222 1194 366 1272 secretis,
392 1193 632 1257 cruentissimum
658 1195 756 1258 civem
786 1205 941 1276 vestrum,
964 1201 1051 1278 cuius
1088 1201 1311 1282 perhonorifice
1336 1202 1374 1264 dc

221 1291 308 1354 vobis
329 1299 362 1353 et
372 1292 546 1355 testimonio
559 1300 590 1355 et
601 1293 701 1357 studio
715 1295 880 1375 plurimum
887 1297 1066 1376 tribuimus,
1082 1298 1237 1360 utscilioet
1250 1293 1371 1380 aliquod

224 1388 366 1450 daremus
377 1396 486 1451 nostrae
500 1388 531 1450 in
545 1408 599 1451 vos
610 1389 776 1454 elementia
792 1399 823 1454 et
837 1393 972 1456 caritatis
983 1394 1108 1476 pignus,
1121 1394 1203 1476 quod
1216 1395 1374 1457 arbitrare

221 1503 291 1546 mur
318 1485 404 1547 vobis
416 1485 605 1566 posterisque
619 1486 743 1563 vestris,
767 1494 800 1549 ut
812 1496 990 1553 ornamenta
1010 1490 1202 1568 adlaudem,
1223 1489 1266 1552 ita
1279 1489 1374 1552 etiam

223 1583 363 1664 ampliori
386 1582 451 1644 lore
472 1581 512 1645 ad
536 1582 681 1662 pietatem
710 1602 746 1645 ac
776 1587 919 1647 virtutem
943 1584 1151 1648 incitamento.
1185 1587 1374 1668 Quapropter

220 1687 340 1744 mature
355 1681 512 1771 perpensis
522 1681 629 1744 vestris
651 1681 810 1762 postulatis
821 1682 909 1744 facile
923 1685 984 1745 Nos
998 1683 1029 1745 in
1046 1665 1122 1747 cam⁸
1128 1682 1373 1746 deliberationem

223 1777 379 1855 venimus,
401 1783 435 1839 ut
451 1778 547 1858 magis
562 1780 673 1840 nostris
684 1782 715 1841 in
729 1779 893 1859 Collegium
904 1787 1037 1843 vestrum
1047 1780 1153 1842 studiis
1166 1825 1174 1857 ,
1189 1798 1281 1860 quam
1290 1779 1373 1841 dosi-

220 1876 312 1937 deriis
328 1875 433 1938 vestris
453 1875 702 1955 obsequeremur,
725 1895 822 1956 eaque
835 1895 906 1956 erga
931 1895 985 1939 vos
1008 1877 1186 1942 liberalitato
1208 1882 1372 1955 uteremur,

220 1991 290 2050 quae
313 1971 468 2034 modestia
482 1980 563 2034 certe
580 1980 687 2035 vestrae
700 1973 776 2035 fines
799 1992 835 2035 ac
854 1974 981 2037 fortasse
1000 1975 1094 2038 etiam
1107 1980 1179 2036 vota
1191 1973 1374 2053 expectatio-

220 2085 355 2147 nemque
375 2075 506 2130 vestram
523 2076 694 2150 trangressa
706 2070 866 2135 videretur.
881 2074 943 2136 Nos
956 2071 1047 2153 igitur
1057 2089 1111 2133 vos
1121 2069 1257 2152 specialis
1271 2068 1374 2134 lavoro

219 2164 324 2245 gratiae
346 2166 486 2248 prosequi
508 2167 658 2248 volentes,
687 2176 717 2232 et
740 2190 758 2233 a
782 2170 936 2251 quibusvis
962 2166 1280 2234 excommunicationis
1306 2185 1374 2229 sus-

194 2329 196 2333 ,
220 2264 374 2343 pensionis
393 2269 423 2325 et
437 2262 606 2340 interdicti,
624 2264 750 2348 aliisque
765 2263 974 2328 ecclesiasticis
999 2262 1171 2339 sententiis,
1192 2260 1325 2324 censuris
1344 2269 1374 2323 ct

155 2408 157 2414 s
219 2361 315 2440 poeuis
329 2381 346 2422 a
361 2361 429 2440 iure
443 2361 489 2422 vel
502 2361 539 2422 ab
550 2360 672 2424 homine
683 2361 789 2444 quavis
807 2361 967 2427 occasione
985 2363 1031 2423 vel
1046 2379 1139 2422 causa
1157 2359 1244 2438 latis,
1260 2359 1284 2422 si
1303 2359 1374 2441 qui-

219 2457 277 2519 bus
284 2457 513 2541 quomodolibet
524 2457 658 2523 innodati
668 2449 806 2536 existitis,
817 2457 857 2520 ad
868 2456 1207 2540 olfactumpraesentium
1217 2456 1374 2523 dumtaxat

219 2555 465 2636 consequendum
479 2555 589 2619 harum
607 2556 683 2621 serie
702 2543 891 2621 absolventes
902 2561 932 2620 et
944 2555 1099 2618 absolutos
1114 2554 1179 2616 lore
1193 2561 1372 2636 censentes,

220 2653 326 2714 vestris
340 2652 610 2735 supplicationibus
622 2652 773 2728 inclinati,
786 2660 873 2717 motu
886 2652 1026 2735 proprio,
1042 2658 1072 2714 et
1087 2671 1124 2712 ex
1137 2657 1220 2712 certa
1237 2651 1372 2730 scicntia,

220 2770 255 2812 ac
269 2758 390 2813 matura
402 2751 616 2813 deliberatione
630 2750 733 2826 vobis,
747 2749 849 2814 dilecti
867 2749 938 2826 lilii,
953 2749 1116 2830 Praeposito
1129 2793 1138 2824 ,
1153 2747 1373 2811 Arcuidiacono

219 2853 250 2907 et
263 2848 415 2927 Capitulo,
430 2845 596 2927 vestrisque
611 2846 853 2920 successoribus,
867 2851 901 2908 ut
914 2844 945 2906 in
959 2845 1064 2907 diebus
1077 2843 1160 2906 festis
1169 2844 1247 2906 infra
1261 2862 1373 2908 annum
1391 2856 1395 2866 '

220 2944 465 3021 solleauioribus,
488 2961 597 3026 nempe
615 2942 645 3005 in
658 2943 820 3006 Nativitate
835 2941 972 3019 Domini,
992 2942 1023 3003 in
1045 2940 1202 3003 Dominica
1215 2942 1375 3004 Resurrec-

219 3041 313 3103 tionis
323 3060 358 3102 ac
373 3042 566 3123 Pentecostes
586 3056 656 3100 cum
672 3037 791 3100 duobus
808 3038 1002 3121 sequentibus
1016 3036 1180 3118 respective
1201 3036 1322 3115 dicbus;
1344 3038 1372 3100 iu

218 3138 302 3200 sestis
320 3138 581 3222 Circumcisiouis,
601 3136 793 3219 Epiphania,
807 3124 1023 3213 ascensionis,
1041 3142 1071 3197 et
1090 3132 1229 3215 Corporis
1255 3134 1372 3200 Domini

218 3235 317 3296 Nostri
337 3238 410 3298 lesu
436 3235 559 3319 Christi3
579 3234 611 3295 in
633 3233 708 3296 leria
732 3233 839 3315 quinta
857 3234 952 3295 Coenae
974 3228 1112 3310 Domini,
1133 3231 1219 3293 Feria
1240 3223 1324 3293 sexta
1343 3232 1372 3294 in

218 3333 382 3397 Parasceve
397 3333 575 3410 etSabbato
589 3333 699 3394 Sancto
707 3355 717 3410 ;
733 3330 889 3403 Dominica
904 3331 934 3393 iu
948 3330 1050 3408 Albis,
1065 3336 1095 3391 et
1109 3328 1265 3394 Dominica
1277 3330 1373 3393 Sanc-

219 3432 340 3495 tissimae
359 3430 532 3508 Trinitatis,
554 3430 585 3491 iu
605 3428 828 3509 Festivitatibus
850 3427 1077 3509 Conceptionis,
1093 3425 1262 3488 Nativitatis
1273 3472 1282 3506 ,
1306 3430 1373 3489 An-

218 3529 437 3606 nunciationis,
456 3527 677 3591 Purificationis
697 3534 729 3589 et
747 3523 971 3610 Assumptiouis
984 3527 1082 3587 Beata
1104 3524 1204 3586 Maria
1216 3525 1370 3607 Virginis,

219 3626 357 3689 omnium
370 3628 560 3704 Sanctorum,
575 3625 745 3688 Nativitatls
761 3612 862 3690 Sancti
873 3622 998 3686 Joannis
1016 3621 1175 3704 Baptista,
1191 3623 1371 3687 Sanctorum

220 3723 300 3784 Petri
325 3721 479 3800 etPuuli,
505 3722 607 3784 Sancti
629 3721 787 3784 Gaudentii
812 3719 951 3803 Episcopi
977 3724 1008 3781 et
1030 3720 1169 3802 Martyris
1198 3728 1229 3782 et
1254 3722 1372 3783 Sanctae

219 3820 371 3882 Colombae
384 3818 514 3903 Virginis
529 3826 561 3880 et
573 3820 728 3901 Martyris;
743 3819 774 3881 in
795 3818 844 3883 die
862 3816 1065 3881 anniversario
1083 3817 1283 3882 Dedicationis
1301 3836 1371 3880 ves-

219 3926 274 3982 trae
289 3918 468 3997 cathedralis
490 3917 642 3997 ecclesia,
659 3936 695 3980 ac
716 3918 747 3980 in
760 3914 1054 3980 Commemoratione
1075 3915 1211 3978 omnium
1225 3913 1370 3980 Fidelium

221 4017 432 4099 detunctorum
441 4041 450 4095 5
463 4015 631 4079 dummodo
650 4016 756 4078 iisdem
769 4016 875 4078 diebus
887 4014 1046 4096 episcopus
1063 4014 1236 4076 solemnitor
1254 4020 1285 4075 et
1295 4032 1370 4094 pon-

220 4113 382 4194 tificialiter
391 4114 538 4192 celebret,
551 4113 638 4175 sicuti
652 4113 744 4176 etiam
756 4113 820 4176 aliis
831 4114 937 4175 diebus
946 4112 978 4175 in
991 4112 1101 4194 quibus
1117 4113 1277 4193 episcopus
1287 4129 1369 4192 uque

220 4211 392 4274 solemniter
406 4219 438 4274 et
447 4210 673 4294 ¹pontificialiter
685 4212 836 4275 celebrare
852 4210 1021 4273 volucritat
1035 4209 1175 4272 Canonici
1196 4209 1283 4288 juxta
1297 4228 1371 4290 pra-

220 4308 368 4388 scriptum
375 4308 595 4372 Caremonialis
603 4310 814 4393 episcoporum
821 4327 906 4372 sacra
913 4315 1091 4390 paramenta
1102 4324 1254 4368 assumere
1262 4305 1370 4369 debea-

220 4406 258 4466 tis
270 4451 277 4482 ,
291 4405 399 4485 singuli
413 4411 546 4468 vestrum
557 4407 707 4488 vestrique
717 4424 904 4469 successores
915 4404 946 4466 in
960 4404 1101 4486 Vesperis
1112 4409 1142 4464 et
1155 4402 1252 4466 Missis
1262 4404 1369 4466 solem-

220 4503 297 4564 nitor
307 4502 512 4580 decantandis,
523 4522 577 4566 nec
589 4503 685 4566 nonin
698 4503 949 4585 processionibus,
965 4521 1018 4564 seu
1030 4501 1272 4580 aliishujusmodi
1286 4501 1389 4563 luam·
