3188 5414
372 522 373 525 ¹
401 503 584 559 EPISTOLAE
598 491 647 556 ἘΤ
664 502 798 556 BllEVlA
817 502 1053 561 SELECTlORA.
1266 512 1300 563 25

109 678 114 686 ,
154 630 235 687 mus,
245 608 345 670 nullus
354 607 448 669 Nobis
456 607 657 687 leticr'neque
664 606 826 686 Jucun'dior
835 607 932 669 illuxit
941 607 1017 687 dies,-
1025 626 1119 690 quam
1132 628 1193 690 quo
1206 630 1301 693 nuper

157 697 363 788 optatissimus
373 706 501 767 nuncius
512 705 552 766 de
569 704 670 767 dilecti
682 705 735 766 lilii
746 707 855 769 nobilis
864 707 920 768 viri
931 707 1084 770 Wilbelmi
1095 693 1302 790 principispa-

155 805 238 867 latini
249 802 288 866 ad
296 804 478 866 catholicam
490 802 654 866 Ecclesiam
665 803 763 865 reditu
774 810 804 865 et
820 804 860 867 ab
873 799 968 885 ipsius
975 804 1126 891 principis
1134 805 1257 884 litteris,
1271 814 1302 868 et

155 923 172 965 a
189 902 300 965 dilecto
317 903 381 966 tilio
396 900 570 964 Marcbione
581 902 701 964 Anticic
712 901 877 964 nobilitatis
898 907 957 964 tue
967 901 1106 964 ministro
1116 902 1302 984 plenipoten-

97 1063 99 1068 .
153 1003 243 1064 tiario
260 1001 298 1064 ad
313 1002 374 1064 Nos
386 1001 443 1063 iuit
451 1000 579 1062 delatus.
598 1000 720 1063 Iaetitiae
736 1001 856 1062 uNobis
869 1019 906 1063 ea
919 1018 1012 1062 causa
1028 1008 1175 1082 susceptae
1187 1003 1302 1083 magni-

151 1098 287 1162 tudinem
300 1115 401 1179 neque
411 1097 559 1160 inclusam
567 1097 658 1159 tacite
670 1097 763 1159 animi
777 1117 865 1161 sensu
877 1098 1031 1163 continere
1045 1118 1223 1180 possumus,
1244 1119 1302 1162 ne-

47 1257 49 1262 .
153 1204 212 1276 'que
221 1196 369 1257 habemus
380 1194 503 1275 quicum
512 1194 738 1257 conuenientius
750 1214 786 1257 ac
795 1195 948 1275 libentius,
959 1211 1132 1278 quamcum
1144 1198 1301 1261 nobilitate

152 1302 206 1355 tua
223 1292 494 1356 communicemus.
515 1295 559 1354 Te
579 1293 661 1354 enim
677 1293 864 1375 praecipuum
883 1295 993 1376 egregii
1013 1295 1129 1357 consilii
1147 1303 1301 1359 auctorem

152 1408 187 1452 ac
200 1407 354 1452 suasorem
362 1387 490 1471 principi
499 1389 643 1468 extitisse,
654 1397 684 1452 te
697 1390 883 1472 adiutorem,
896 1379 1201 1456 ducentaccomitem
1209 1394 1301 1456 divini

144 1488 324 1570 perficiendi
335 1487 434 1568 operis
442 1487 679 1569 fuissepraeclare
686 1487 1138 1571 novimusQuaproptergaudii
1149 1493 1301 1572 nostriper

155 1587 334 1667 sapientiam
350 1592 436 1649 tuam
448 1602 661 1665 summumque
677 1586 709 1647 in
719 1585 900 1648 catholicam
913 1585 1005 1648 iidem
1023 1586 1156 1650 studium
1166 1589 1299 1670 percepti

152 1686 214 1746 vim
229 1704 265 1746 ac
285 1685 405 1765 copiam
423 1690 525 1744 tecum
542 1683 707 1764 presertim
728 1684 906 1764 dividimus,
923 1685 978 1748 tibi
994 1685 1106 1748 mirum
1127 1687 1157 1747 in
1173 1687 1300 1750 modum

151 1786 348 1863 gratulamur,
365 1801 401 1845 ac
419 1782 532 1844 delam
549 1782 692 1862 singulari
709 1788 763 1844 tuo
775 1782 807 1844 in
820 1785 881 1846 Nos
900 1790 930 1846 et
943 1784 1109 1846 Ecclesiam
1127 1785 1300 1849 universam

150 1882 259 1942 merito
278 1881 407 1960 gratias,
425 1892 502 1960 quas
520 1880 668 1940 maximas
686 1898 848 1959 possumus
867 1888 899 1942 et
919 1882 1073 1946 reddimus
1089 1889 1120 1945 et
1137 1883 1296 1946 babemus.

152 1979 332 2040 Existimarc
341 1995 416 2038 sane
425 1975 528 2054 debes,
541 1976 661 2037 nibilea
671 1992 704 2037 re
716 1975 755 2038 ad
766 1995 870 2040 reram
879 1996 916 2040 ac
930 1979 1058 2042 solidam
1066 1981 1193 2061 gloriam
1211 1999 1298 2044 corn-

152 2077 320 2157 parandam
333 2077 432 2155 majus
451 2094 472 2138 a
490 2082 519 2136 te
537 2075 601 2136 lieri
618 2076 768 2157 potuisse,
781 2077 855 2138 nihil
873 2077 1014 2141 addecus
1032 2080 1142 2142 inclitae
1160 2081 1300 2161 palatinae

150 2177 259 2239 domus
278 2175 436 2254 illustrius,
454 2175 529 2237 nihil
544 2174 691 2255 deniqne,
713 2192 776 2256 quo
796 2176 835 2240 dc
855 2177 1005 2239 catholica
1026 2177 1169 2257 religione
1192 2179 1299 2240 melius

149 2275 258 2336 mereri
270 2293 385 2355 posses.
397 2275 442 2334 Ac
455 2290 566 2352 magna
581 2272 674 2334 Nobis
691 2291 760 2353 spes
778 2271 855 2335 inest
867 2276 963 2336 Deum
973 2276 1043 2355 Opt.
1062 2264 1141 2338 Maxi
1155 2292 1228 2336 cum
1245 2282 1298 2336 tua

150 2393 242 2454 opera
259 2374 319 2436 hoc
331 2372 476 2435 beneficio
491 2389 579 2432 suam
595 2370 761 2432 Ecclesiam
772 2373 940 2450 ornaverit,
959 2373 1066 2436 divinae
1082 2374 1186 2453 gratiae
1204 2375 1309 2442 uber--

148 2479 242 2534 tatem
260 2472 320 2533 alic
340 2468 428 2533 simili
448 2486 574 2530 munere
590 2487 644 2548 per
662 2469 804 2556 lectiam
823 2470 1094 2550 amplificaturum,
1115 2473 1236 2553 Nosque
1259 2472 1297 2534 de
1392 2458 1395 2465 ’

149 2569 346 2631 cumulatiore
366 2567 518 2629 industriae
538 2573 598 2628 tuae
617 2566 717 2628 fructu
739 2565 777 2627 in‘
791 2566 882 2645 hirjus
899 2568 1042 2650 principis
1061 2569 1184 2650 palatini
1205 2568 1297 2631 iratae

149 2668 261 2746 pariter
273 2665 459 2728 adEcclesiae
479 2665 638 2727 veritatem
655 2664 1004 2745 reducendogevisuros.
1021 2669 1084 2728 Hos
1095 2667 1149 2729 tibi
1170 2666 1297 2729 eximios

150 2783 305 2826 successus
319 2782 357 2824 ex
368 2763 469 2824 animo
482 2760 632 2844 cupimus,
643 2780 737 2842 usque
751 2763 845 2827 nostri
859 2765 1053 2843 pontificatus
1064 2771 1203 2851 tempora
1216 2766 1297 2828 illus·

148 2863 222 2923 trari
244 2861 436 2922 vehementer
459 2866 614 2940 optamus,
635 2865 725 2938 atque
747 2877 765 2919 a
783 2859 1057 2923 misericordiarum
1073 2863 1160 2924 Patre
1178 2862 1306 2941 flagita»

148 2977 228 3020 mus.
245 2960 310 3031 Qua
329 2957 417 3018 dere
437 2955 560 3036 quidem
577 2962 608 3016 to
627 2955 771 3035 prolixius
790 2957 951 3019 cohortari·
962 2973 1220 3039 supervacaneum
1237 2961 1297 3025 du-

81 3121 87 3127 ,
149 3058 246 3118 cimus
252 3103 261 3134 ,
286 3074 356 3119 cum
379 3073 415 3116 eo
436 3053 537 3116 studio
556 3052 688 3117 mirifice·
704 3058 734 3114 te
754 3072 819 3115 esse
843 3043 999 3128 incensum
1024 3058 1296 3140 compertissimum

148 3156 325 3217 habeamus.
341 3153 485 3214 Posthac
496 3150 659 3232 singularia
669 3156 729 3212 tuce
738 3149 769 3210 in
781 3153 842 3214 Nos
855 3153 1081 3238 Ecclesiamque
1090 3155 1197 3218 merita
1208 3157 1297 3238 ¹facile

147 3249 309 3335 perspicis,
330 3267 391 3331 quo
406 3249 507 3310 animo
522 3246 554 3308 in
568 3253 598 3308 te
612 3247 722 3326 simus,
745 3258 918 3333 quantaque
937 3257 966 3312 te
988 3250 1123 3315 caritatis
1142 3255 1296 3336 magnitu-

148 3346 217 3413 dine
228 3365 458 3433 prosequamur,
471 3345 634 3426 cujusvim
647 3345 800 3417 declarare
813 3350 910 3430 magis
923 3368 985 3412 non
1002 3368 1163 3431 possumus
1170 3399 1179 3432 ,
1203 3356 1303 3435 quam'

150 3447 313 3530 apostolica
325 3444 547 3523 benedictione,
562 3454 656 3524 quam
666 3444 733 3523 tibi,
749 3444 857 3508 dilecte
871 3447 913 3508 lili
932 3446 1040 3510 nobilis
1060 3449 1117 3527 vir,
1131 3468 1296 3532 peraman-

150 3533 412 3625 ter'impertimurss
427 3546 541 3606 Datum
550 3543 666 3615 Rcmoe,
677 3551 749 3620 etc,
760 3544 809 3606 die
820 3554 838 3606 9
851 3547 1026 3624 septembris
1039 3557 1126 3620 1769,
1136 3553 1296 3629 pontifico-

148 3652 197 3705 tcs
210 3645 304 3704 nostri
316 3659 394 3701 onoc
403 3644 515 3718 primo.
550 3652 553 3657 ’
855 3664 869 3668 ··
978 3637 981 3640 ’
1258 3664 1261 3671 ·

492 3760 496 3767 p
547 3763 550 3767 ,
626 3750 818 3767 mi

659 3847 780 3918 XXIX.
863 3867 866 3872 ’
935 3856 953 3945 ’Δ

407 4001 572 4065 maissiam
592 4003 628 4046 ru
649 3942 786 4066 euarsao
808 3958 899 4063 rrat'q
917 3942 1036 4051 aloem

305 4117 476 4180 -olltoto
497 4119 768 4181 HISPANIARUM
788 4121 882 4183 REGI
901 4123 1121 4185 clTflouco
1222 4156 1250 4163 ἰ
1295 4144 1298 4149 ·

458 4227 691 4339 oteness
719 4249 846 4358 rara
875 4228 985 4359 aru„

312 4464 313 4467 Ἴ
376 4448 378 4453 ,
845 4411 939 4473 noma,
954 4408 1138 4472 tumamoris
1149 4414 1216 4463 tras.
1244 4452 1261 4463 ..
1295 4403 1298 4409 '

186 4505 447 4577 Consummtc.
462 4505 674 4570 Gratissimum
685 4484 772 4569 nobis
785 4505 841 4570 init
850 4526 887 4570 ex
897 4506 1120 4576 humanissimis
1129 4509 1299 4588 Maiestatis
