3188 5414
390 463 571 518 nrrsronn
590 463 635 516 m
652 463 788 518 aarum
801 447 1056 527 ‘smannens'
1234 472 1290 548 rep

140 544 272 651 'cibalem
285 546 401 645 affabre
414 569 637 646 a-‘ditectofitio
648 569 781 646 leseplto'
791 569 864 629 Bari
880 568 1041 645 depictam,
1054 571 1139 646 caius
1160 576 1189 649 et
1203 574 1289 641 οοὶο-ί
1404 587 1410 598 ’

143 663 354 730 rambcrie‘tos
372 665 793 745 etdeliaationirartrficinm
807 668 869 727 lios
883 669 960 726 mire
973 665 1122 751 deiectat,
1140 659 1230 746 atque
1249 667 1290 749 ita

144 763 303 840 mittimus,
319 760 462 822 ut'multo
471 760 683 841 pretiosiorem
694 767 798 826 nostra
811 759 1020 840 benedictione
1029 759 1168 827 eamdem
1180 749 1291 829 redda÷

143 876 221 919 mus.
235 854 381 919 Praeterea
392 856 475 938 quod
486 855 618 919 maxime
628 856 733 938 pietati
746 856 888 927 tuatlore¹
896 863 1018 940 gratum
1031 855 1224 937 arbitramur,
1236 849 1290 924 tibi

141 955 216 1016 dum
231 952 370 1044 eamdem
391 960 488 1036 penes
503 960 534 1015 te
555 953 834 1032 habere‘volueris,
860 971 915 1037 seu
935 940 1291 1041 alii,·qnicu1nque'ipsa

141 1071 178 1112 ex
192 1059 245 1114 tuo
259 1052 466 1133 donopotitus
476 1051 526 1128 sit,
541 1050 658 1131 quoties
671 1051 826 1137 confessus
842 1070 878 1117 ac
897 1070 984 1124 sacra
998 1051 1221 1136 ,communione
1238 1045 1290 1113 r'e-

141 1153 236 1215 lectus
252 1161 320 1215 ante
334 1151 473 1213 eamdem
489 1151 546 1212 rite
567 1149 710 1226 oraveris,
729 1168 782 1211 seu
805 1148 949 1228 orave’rit,
970 1149 1059 1210 toties
1068 1139 1290 1237 indulgentiam

60 1315 61 1320 γ
140 1250 306 1330 plenariam
321 1249 486 1329 apostoliea
505 1253 608 1309 nostra
622 1241 801 1308 auctoritate
815 1245 944 1325 benigne
964 1234 1171 1306 concedimus.
1190 1245 1289 1325 Atque
1385 1303 1387 1308 .

139 1347 198 1411 hoc
211 1347 303 1409 etiarn
315 1347 364 1426 sit,
377 1346 484 1408 dilecte
497 1346 540 1406 fili
554 1345 663 1406 nobilis
676 1344 732 1422 vir,
743 1351 852 1407 nostra
863 1343 1021 1424 singularis
1032 1362 1104 1423 erga
1116 1350 1147 1405 te
1157 1349 1289 1424 paterna

39 1521 42 1526 .
139 1447 271 1509 caritatis
288 1452 498 1527 argumentum
511 1445 598 1524 cujus
610 1443 706 1525 magis
719 1439 811 1505 etiam
822 1441 1035 1505 confirmandae
1048 1440 1145 1520 gratia
1163 1447 1288 1521 aposto-

139 1545 229 1608 licam
243 1544 483 1607 benedictionem
497 1543 651 1605 Nobilitati
671 1535 729 1604 tua
741 1546 932 1623 peramanter
954 1539 1155 1620 impertimur.
1173 1541 1288 1600 Dotem

107 1722 109 1727 y
138 1645 250 1716 Rome,
267 1652 337 1718 etc„
352 1645 402 1705 dte
418 1655 454 1708 16
469 1647 591 1722 auperti
608 1653 696 1720 1770,
708 1644 904 1720 pontificatus
918 1644 1015 1701 nostri
1028 1657 1109 1702 anno
1123 1638 1265 1700 secando.

623 1795 806 1813 W

647 1922 774 2000 XCVII.

394 2064 560 2135 clnlssfflo
583 2091 617 2132 ln
639 2089 772 2165 cnnlsro
795 2090 881 2131 almo
904 2090 1026 2132 NOSTRO

292 2199 460 2261 rosurno
477 2199 762 2261 ronruolnmm
782 2171 831 2260 nr
851 2173 1130 2261 encaemorum
1248 2195 1250 2198 ’

237 2309 239 2313 ’
559 2324 851 2382 merrmmrssmo

445 2447 679 2567 aurnuns
706 2449 835 2525 ulra
861 2446 1009 2528 xm..
1035 2526 1037 2531 ,
1067 2431 1107 2533 ᾗ
1182 2484 1223 2489 ›-

851 2605 1215 2667 Romae,1septembristtto.
1266 2621 1269 2633 ·

173 2726 346 2793 durissime,
360 2730 417 2784 etc.
434 2723 599 2784 Gratificati
609 2721 806 2784 libentissime
817 2720 915 2800 Regia
925 2720 1074 2798 Maiestati
1085 2721 1278 2797 Trasumus',

133 2827 166 2880 ul
176 2820 325 2880 ‘dilectum
337 2818 433 2880 filium
446 2825 584 2880 nostrum
597 2821 747 2880 ioannem
758 2816 795 2878 de
804 2817 909 2877 Gunha
920 2815 1189 2895 Archiepiseopum
1202 2815 1280 2877 Ebo-

131 2933 250 2976 rensem
269 2915 423 2976 luculento
439 2915 608 2995 apostolicae
625 2913 875 2975 remunerationis
893 2913 1064 2990 testimonio
1078 2931 1279 2994 prosequere-

132 3030 212 3090 mur,
230 3031 266 3074 ac
279 3011 310 3072 in
322 3030 442 3074 sacrum
454 3013 485 3074 S.
498 3014 534 3074 R.
549 3015 585 3073 E.
602 3011 804 3073 Cardinalium
817 3005 984 3091 Collegium
995 3017 1217 3094 coaptaremus,
1230 3033 1279 3076 ne·

129 3108 379 3187 que‘dubitamus
390 3139 402 3185 ,·
414 3108 486 3189 quin
508 3110 572 3171 llaec
590 3108 682 3171 etiam
705 3107 821 3170 eximia
842 3108 1003 3191 pontificiae
1020 3108 1052 3170 in
1072 3116 1103 3171 te
1116 3109 1278 3173 voluntatis

130 3206 308 3286 significatio
318 3206 372 3268 tibi
382 3206 482 3270 lutura
490 3207 528 3268 sit
538 3206 756 3288 acceptissima.
769 3208 867 3284 Nunc,
878 3205 959 3287 quod
970 3212 1118 3288 superest,
1128 3207 1277 3270 actionem

128 3304 207 3368 hanc
215 3312 350 3369 nostram
360 3305 399 3366 de
409 3305 460 3367 illo
471 3305 607 3368 ornando
618 3306 814 3386 complentes,
830 3306 1018 3386 Purpureum
1031 3304 1166 3368 Biretum
1179 3297 1276 3368 eidem

129 3404 356 3465 transmittimus
377 3422 432 3484 per
451 3403 595 3470 dilectum
612 3403 708 3464 lilium
725 3403 870 3465 Caesarem
887 3402 1114 3469 Lambertinum
1136 3401 1276 3466 intimum

128 3499 351 3561 Cubicularinm
376 3506 522 3561 nostrum.
545 3502 633 3560 Hune
653 3499 776 3578 quidem
796 3499 1017 3561 adolescentem
1041 3498 1097 3561 etsi
1115 3504 1145 3560 et
1158 3497 1276 3580 ‘generis

129 3594 286 3674 splendore
307 3601 337 3656 et
350 3595 479 3675 propriis
492 3596 585 3660 etiarn
603 3586 726 3673 egregia
740 3594 847 3656 indolis
866 3614 1045 3676 morumque
1064 3595 1205 3657 laudibus
1225 3595 1275 3654 in-

71 3710 78 3724 ·
127 3690 1273 3773 structuminjunctohocmuneredignissimumexistimemm,habettamen

127 3791 174 3852 ille
187 3792 264 3853 inter
277 3797 377 3852 cetera
388 3792 537 3870 singulare
550 3791 610 3854 hoc
620 3790 724 3866 decus,
735 3796 768 3850 ut
780 3808 823 3855 sa.
835 3807 927 3852 mem.
939 3780 1090 3854 Benedicti
1105 3791 1183 3850 xm
1200 3807 1273 3869 pra-

125 3887 288 3949 decessoris
308 3886 402 3948 nostri
421 3886 632 3966 sapientissimi
650 3884 802 3948 Pontificis
818 3884 857 3946 sit
876 3877 981 3948 fratris
997 3905 1101 3967 nepos.
1121 3885 1176 3960 Qui
1195 3879 1271 3949 ‘sanc

126 3986 260 4046 Pontifex
271 3985 376 4065 quanti
386 3985 573 4062 Maiestatem
584 3986 680 4048 Tuam
689 3983 805 4061 fecerit,
818 4001 969 4064 quamque
983 3984 1126 4064 preclaro
1138 3984 1181 4042 Te
1196 3983 1271 4060 Reg-

125 4098 256 4160 numque
266 4089 353 4144 tuum
363 4082 462 4145 studio
478 4080 880 4162 complexussemperiuerit
892 4125 901 4154 ,
913 4099 984 4141 curn
993 4077 1269 4161 perspectissimum

124 4180 177 4242 tibi
195 4181 243 4257 sit,
262 4183 318 4243 erit
331 4201 412 4252 nrrnc
425 4179 532 4260 <Regia
548 4179 742 4241 humanitatis
764 4185 833 4256 ture,
856 4177 880 4240 si
902 4178 1032 4240 eundem
1052 4183 1116 4238 tam
1139 4175 1267 4254 benigne

121 4280 288 4361 exceperis,
303 4287 337 4341 ut
351 4288 469 4360 gratam
488 4279 542 4340 tibi
556 4278 657 4358 magni
672 4275 773 4358 patrui
796 4275 842 4338 sui
863 4274 1040 4341 memoriam
1054 4284 1128 4350 esse,
1145 4291 1181 4335 ae
1196 4273 1267 4352 plu—

121 4376 232 4436 rimum
256 4375 336 4456 apud
349 4383 379 4436 te
393 4377 491 4436 valere
506 4375 626 4437 sentiat.
648 4373 735 4448 Quod
754 4372 890 4452 prolecto
907 4371 1000 4434 Nobis
1028 4370 1069 4431 ita
1087 4370 1144 4432 erit
1158 4359 1267 4448 jucun-

120 4472 204 4552 dum,
221 4480 253 4534 ut
271 4473 416 4557 quidquid
435 4473 466 4534 in
484 4473 568 4535 illum
594 4471 728 4534 conferes
748 4470 939 4550 benignitatis
955 4488 990 4530 ac
1012 4467 1174 4530 clementia
1194 4475 1263 4542 trra,
