3188 5414
792 507 996 564 coenantis
1013 509 1080 562 XlV

850 716 1014 786 ccxciii.

397 905 400 911 ·
463 881 667 923 sunculssmo
689 881 726 922 AC
747 881 936 922 uunrlssnlo
959 880 993 921 lu
1016 877 1147 921 enuisti)
1170 875 1262 920 Parui
1283 876 1415 921 boissao

363 985 556 1046 caueatur
569 984 709 1044 ulvlnn
725 983 990 1053 Puovmuum
1001 983 1120 1044 ‘PAPAE
1134 983 1225 1045 Ellis
1243 982 1412 1043 numnis
1433 983 1513 1057 xlv,

374 1119 380 1131 ·
450 1181 452 1185 Ι
515 1107 756 1163 sacrosancae:
767 1107 907 1156 romane
920 1108 961 1157 ao
976 1106 1183 1156 timueramus
1194 1107 1358 1158 uocauere

571 1224 731 1274 marimo]
747 1223 874 1272 MAXIMO
889 1223 1015 1272 Donido
1030 1220 1291 1272 cumaeum.
1325 1258 1329 1263 .

1027 1380 1165 1440 veneria,
1175 1386 1207 1431 aa
1220 1378 1368 1442 euenum
1379 1384 1451 1430 rara.

398 1488 592 1550 Sanctissime
603 1506 639 1548 cc
647 1488 856 1549 mamaeae
865 1487 983 1550 Clusio
995 1488 1098 1558 Pater,
1111 1487 1241 1548 Darem
1252 1485 1506 1550 clementissine.

359 1586 431 1646 Post
448 1584 552 1645 oscula
567 1582 679 1664 pedum
694 1583 866 1647 Sanctitatis
877 1584 990 1645 Vestrre
1004 1582 1080 1659 mei,
1093 1581 1240 1661 regnique
1252 1599 1288 1642 ac
1301 1581 1505 1643 Dominiorum

358 1698 496 1742 meorum
516 1679 715 1743 humillimam
735 1680 1039 1742 commendationem.
1059 1678 1168 1740 Statim
1192 1683 1226 1738 ut
1241 1677 1503 1741 reverendissimus

358 1777 389 1838 in
401 1777 520 1840 (lueto
534 1779 622 1839 Pater
637 1777 786 1859 losepbns
796 1778 938 1859 Garampi
959 1776 1201 1858 archiepiscopus
1219 1776 1324 1858 Beryti
1338 1778 1503 1842 Sanctitatis

358 1875 518 1938 Vestread
525 1881 614 1936 meet
624 1891 750 1955 reguum
761 1893 864 1937 meum
875 1874 998 1937 nuntius
1009 1873 1134 1936 feliciter
1146 1873 1177 1934 iu
1187 1872 1266 1935 banc
1278 1872 1437 1936 ciuitatem
1446 1893 1493 1955 per

357 1971 455 2048 venit,
468 1971 597 2034 reddidit
610 1971 684 2033 mihi
693 1988 765 2033 sues
775 1970 806 2032 iu
815 1970 915 2034 torma
923 1965 1028 2034 Brevis
1040 1969 1141 2032 literas
1151 2015 1159 2047 ,
1169 1987 1245 2050 quas
1255 1969 1442 2032 uolumini
1452 1990 1503 2033 mea

356 2068 556 2131 oblectatione
566 2069 666 2150 recepi
675 2075 708 2131 et
722 2069 843 2150 perlegi.
859 2068 892 2130 lu
903 2067 1085 2148 gravissimis
1099 2066 1252 2131 enimvero
1265 2067 1417 2146 augustiis
1427 2113 1435 2144 ,
1446 2068 1504 2148 qai·

356 2166 413 2227 bus
426 2185 473 2228 res
482 2167 574 2246 liuius
584 2166 766 2247 reipublice,
779 2165 943 2247 presertim
952 2184 1032 2228 nuuc
1038 2163 1265 2242 suutobuoxiar,
1276 2181 1341 2226 nou
1354 2164 1503 2227 modicum

357 2261 498 2323 solatium
512 2261 585 2323 milri
599 2262 738 2339 obvenit,
750 2278 821 2324 oum
840 2281 878 2323 ex
887 2261 1020 2343 pretatis
1032 2259 1142 2339 literis,
1157 2270 1223 2322 turn
1236 2277 1274 2323 en
1286 2259 1504 2342 significatione

341 2358 426 2418 ¹dicti
438 2359 551 2438 prelati
562 2358 694 2438 perbelle
707 2358 902 2438 intelligerem
918 2358 1097 2439 depateiure
1109 2356 1356 2423 luculentissimae
1374 2358 1504 2421 caritatis

292 2496 295 2507 ,
356 2452 387 2512 in
400 2469 450 2512 me
463 2460 494 2513 et
514 2452 644 2531 regnum
653 2451 756 2514 meum
769 2453 940 2515 Sanctitatie
953 2455 1066 2516 Vestrae
1082 2454 1240 2531 sensibus,
1253 2470 1390 2533 quorsum
1411 2456 1503 2517 eonti-

355 2567 448 2610 nuam
462 2549 642 2611 memoriam
662 2556 752 2631 grato
774 2549 874 2613 aninlo
899 2551 1025 2619 servabo
1040 2558 1072 2613 ct
1092 2552 1235 2615 recolam.
1260 2552 1377 2630 Pergae
1400 2553 1504 2614 amabo

355 2647 504 2709 Sanmites
515 2647 622 2710 Vestra
633 2647 663 2709 in
674 2647 882 2729 proseqareudo
894 2665 1136 2732 mereguumque
1147 2668 1250 2713 meum
1262 2651 1504 2716 maveenusno

355 2747 473 2821 amore,
487 2744 693 2806 benevolentia
704 2750 735 2806 et
744 2744 866 2822 dadin,
881 2744 1037 2826 puardms
1047 2764 1120 2810 vero
1133 2748 1225 2809 rebus
1234 2747 1296 2810 mei
1310 2749 1399 2828 regni
1413 2749 1502 2830 potis-

354 2839 464 2901 simum
476 2839 516 2902 ad
528 2858 671 2921 presens,
685 2860 742 2922 pro
753 2859 875 2904 summa
885 2861 948 2923 qua
960 2843 1054 2924 pollet
1075 2844 1155 2925 apud
1169 2844 1325 2925 Principes
1339 2845 1508 2908 catholicos

354 2937 543 3013 auctoritate,
552 2936 714 3000 eiiicmitar
726 2938 857 3001 assistat.
865 2938 1071 3019 igituruium,
1079 2940 1255 3004 Beadsume
1261 2941 1367 3019 Pater,
1378 2941 1506 3005 deurer-

353 3034 451 3096 tendis
462 3033 565 3112 mdu,
580 3034 797 3116 quaeuouhuic
811 3035 960 3098 duntaxat
970 3053 1080 3116 reguo,
1094 3036 1148 3098 sed
1157 3043 1189 3098 et
1201 3035 1338 3117 religiom
1350 3025 1507 3103 mantice

352 3153 499 3215 perquam
512 3134 802 3216 essentpemiciosa3
821 3138 927 3214 prout,
939 3135 1038 3197 nuditus
1048 3134 1166 3213 dubito,
1176 3135 1241 3213 jam
1253 3135 1414 3199 saradim·
1428 3137 1505 3197 Ves-

352 3242 406 3293 trae
415 3231 552 3312 apprime
562 3239 608 3293 est
621 3239 739 3293 notum.
1528 3254 1531 3261 ·

393 3328 435 3386 De
446 3333 551 3388 cetero
560 3326 708 3388 maximas
717 3327 872 3388 Serretitati
884 3328 996 3389 Vestre
1007 3327 1235 3407 relerogrutias,
1245 3326 1505 3409 quodadobeun-

352 3424 426 3485 dum
441 3443 551 3487 munus
567 3424 709 3486 ordinarii
721 3425 768 3485 sui
784 3423 865 3505 apud
882 3442 932 3485 me
942 3430 974 3487 et
984 3425 1064 3488 bunc
1073 3426 1292 3507 mmpubliuam
1304 3425 1404 3495 nurui
1417 3423 1503 3489 deai-

352 3523 486 3602 gnaverit
501 3529 702 3586 memoratum
716 3522 1006 3585 Reverendissimum
1020 3523 1051 3585 in
1064 3523 1181 3586 Christo
1198 3525 1321 3586 Patrem
1334 3521 1506 3603 &ablauiu-

352 3625 462 3701 copum
473 3622 589 3702 Beryti,
603 3622 655 3703 qui
670 3641 725 3702 pro
745 3620 943 3700 singularibus
967 3620 1058 3682 animi
1078 3620 1125 3685 sui
1138 3619 1300 3688 titanibus
1321 3639 1360 3682 ac
1381 3619 1506 3687 deibus

352 3716 423 3778 mihi
431 3717 534 3796 nequit
542 3736 602 3779 non
610 3736 674 3779 esse
682 3714 916 3797 acceptissimus.
928 3719 986 3778 Pro
998 3736 1103 3780 eorum
1111 3718 1239 3800 proinde
1245 3719 1502 3796 consideratione,

351 3831 434 3891 aeque
451 3831 487 3873 ac
499 3831 555 3893 pro
572 3832 691 3875 summa
701 3831 769 3874 mea
779 3811 811 3874 iu
824 3813 1019 3874 Sanctitatem
1032 3814 1170 3876 Vestram
1184 3822 1215 3877 et
1229 3816 1375 3897 Sanctam
1394 3817 1504 3880 Sedem

351 3912 556 3992 Apostolicam
577 3913 688 3993 pietate
708 3917 739 3973 et
752 3902 928 3989 devotione,
942 3911 1016 3973 nihil
1028 3911 1058 3974 in
1072 3914 1255 3976 cumulando
1273 3914 1357 3976 dicto
1378 3916 1503 3996 prelato

350 4007 544 4071 humanitatis
557 4017 588 4072 et
600 4008 812 4071 benevolentiae
829 4027 902 4071 meae
915 4008 1022 4071 oiliciis
1035 4028 1169 4090 unquam
1183 4010 1395 4074 intermittam.

389 4108 431 4168 Ne
441 4125 512 4170 vero
522 4107 664 4188 prolixior
675 4107 732 4168 sim
742 4108 772 4168 in
785 4107 868 4169 hisce
881 4107 958 4170 meis
967 4108 1060 4170 literis
1070 4115 1101 4171 et
1111 4108 1234 4190 perinde
1249 4109 1410 4173 sanctitati
1424 4113 1504 4173 Ves-

350 4209 401 4263 trae
416 4205 573 4283 molestus3
588 4203 785 4265 illustrissimo
800 4211 831 4266 et
843 4203 1089 4266 reverendissimo
1109 4206 1231 4268 domino
1243 4206 1392 4273 cardinali
1405 4227 1502 4270 secre-

350 4297 425 4360 tario
439 4301 540 4362 Status
553 4299 763 4380 exponendum
778 4303 878 4361 censui
896 4299 942 4377 id,
964 4301 1044 4380 quod
1061 4300 1283 4381 promotionem
1303 4301 1503 4364 Reverendis·

350 4395 414 4456 simi
435 4399 535 4459 Durini
551 4396 715 4459 immediati
737 4397 817 4478 apud
832 4417 880 4459 mc
901 4405 930 4459 et
952 4398 1169 4478 rempublicam
1186 4398 1303 4472 Nuntii,
1326 4399 1499 4478 spectabat.

350 4496 542 4558 Sanctitatem
557 4515 627 4559 vero
641 4499 777 4559 Vestram
792 4497 986 4577 presentibus
1002 4495 1147 4558 duntaxat
1168 4514 1256 4577 rogo,
1276 4503 1308 4557 ut
1329 4497 1501 4559 eorundem
